2744 4824
173 363 255 438 Μ
561 364 877 454 Prologomena

173 534 301 609 babeat
341 535 582 624 cogitationem
624 535 808 626 praecipue
848 537 1069 625 spectandam
1104 535 1256 606 bominis

168 650 396 728 praepostere
429 638 563 726 agentis
591 639 643 724 (1.
671 639 716 708 ad
749 639 895 710 maoth.
919 637 958 725 b,
981 637 1075 726 ἢ).
1128 637 1258 712 Mirari

174 739 307 808 omnino
327 740 514 830 Apostolus
540 746 692 830 nemrot,
721 742 810 831 qnod
838 739 1024 810 Christiani
1051 739 1120 828 llli,
1148 761 1257 831 quum

30 829 35 840 ’
173 845 332 912 doctores
354 843 434 948 rani
456 865 516 912 ecs
544 842 725 928 adiissent,
752 849 828 912 tam·
851 843 1015 912 eeaneer
1038 849 1074 912 et
1093 863 1255 930 praepo-

171 956 265 1024 ‚atero
296 966 399 1014 aures
432 943 475 1014 iia
504 943 734 1032 praebuerint.
784 943 866 1012 Alia
898 944 1051 1014 eiusdem
1082 945 1255 1033 epistolae

172 1047 278 1114 effata
311 1067 372 1116 eoa
402 1053 562 1136 tauquam
592 1045 743 1116 beminen
776 1045 991 1133 describunt,
1024 1046 1082 1137 qui
1110 1046 1254 1134 diutins,

171 1158 353 1239 mquam
374 1147 529 1218 doctores
545 1150 634 1216 corsi
641 1147 866 1238 prodo'o'uent,
886 1148 1043 1218 raritatis
1064 1147 1253 1235 professio-

123 1241 129 1261 '
171 1271 249 1318 nem
269 1241 371 1320 iidem
393 1257 429 1321 et
449 1249 680 1339 incorruptam
700 1246 918 1318 laudabiliter
937 1257 1136 1337 tenuerant,
1158 1273 1189 1318 c.
1209 1247 1252 1336 3,

171 1374 206 1420 r.
221 1349 259 1420 3.
277 1373 350 1442 sqq.
373 1374 405 1420 c.
423 1347 462 1440 b,
482 1374 517 1422 v.
535 1351 572 1420 7.
622 1349 830 1422 Mannerunt
855 1371 978 1439 porro,
1008 1351 1152 1438 silentii,
1182 1373 1252 1441 qno

170 1449 301 1526 Poulc-
321 1454 356 1520 in
377 1453 445 1524 bac
465 1451 611 1544 epistola
637 1453 811 1524 decretum
839 1452 1063 1542 apostolicum
1083 1453 1252 1522 Hieroso·

169 1553 271 1636 lymis
292 1555 459 1626 sancitum
480 1557 524 1626 de
546 1555 806 1625 circumcisione
828 1554 972 1646 aliisque
993 1554 1131 1624 statutis
1159 1554 1251 1642 legin

169 1654 346 1738 lllcsaicae
367 1679 434 1726 non
455 1657 671 1746 iniungendis
698 1656 893 1730 bominibus
920 1655 1251 1726 ethnico-caristie

169 1755 225 1836 nis
252 1759 370 1842 (Aere
398 1780 430 1828 e.
451 1755 531 1844 iii.)
561 1758 731 1846 omiserit,
763 1779 903 1831 causam
931 1761 1054 1830 deesse
1081 1759 1251 1838 idoneum,

23 1917 27 1932 .
170 1859 236 1927 nisi
272 1859 420 1949 epistola
446 1872 529 1932 octe
561 1868 784 1945 conventum,
812 1861 869 1950 qni
897 1860 1142 1944 Hierosolymis
1170 1860 1250 1948 fuit,

170 1961 394 2049 apostolieum
429 1965 584 2051 (pmacto
611 1959 671 2030 illo
692 1959 794 2044 Parrli
820 1961 943 2032 itinere
969 1967 1004 2032 in
1031 1962 1132 2034 aar
1156 1961 1248 2052 App.

173 2060 238 2150 14,
260 2061 297 2134 G.
328 2069 512 2154 enarrata,
540 2085 605 2154 qao
627 2072 780 2152 tempore
801 2063 938 2152 plures,
965 2073 1004 2138 at
1031 2084 1137 2152 supra
1161 2065 1249 2134 ridi-

168 2187 268 2254 mus,
297 2173 433 2238 coetum
464 2164 666 2236 Galatarum
700 2164 870 2240 canditum
901 2189 980 2234 esse
1011 2167 1247 2256 coniecerunt)

168 2266 300 2358 scripto
320 2267 545 2354 existimetur·
587 2266 829 2347 concedimus,
856 2266 1031 2355 Apostclo⁸
1051 2289 1112 2356 per
1139 2275 1248 2336 totam

50 2411 58 2427 =
167 2368 244 2446 iere
273 2369 453 2462 epistolam
480 2370 516 2438 in
536 2368 696 2440 libertato
719 2367 988 2438 Christianorum
1009 2391 1033 2438 a
1053 2369 1133 2458 iugo
1154 2369 1245 2457 legis

169 2471 347 2545 Menalcae
383 2471 598 2541 defendenda
639 2479 777 2538 strenua
810 2467 998 2540 elaboranti
1031 2469 1068 2539 id
1101 2471 1248 2540 maxime

168 2581 338 2663 promtum
358 2572 467 2640 tuisse
489 2572 598 2642 rideri
620 2571 664 2658 (si
682 2569 827 2662 epistola
842 2584 925 2661 port
942 2579 1144 2644 conventum
1165 2595 1246 2662 apo·

169 2673 248 2746 stol.
271 2673 515 2764 scriberetur),
541 2681 581 2746 ut
601 2675 646 2744 ad
667 2673 906 2744 anctoritatem
934 2676 1063 2744 decreti
1083 2675 1248 2744 Hieroso-

167 2776 323 2860 lymitnni
344 2783 558 2864 provocarat.
608 2774 771 2845 Attamen
791 2798 901 2868 neque
923 2777 1099 2846 consilium
1121 2777 1248 2867 episto·

168 2875 226 2948 leo
247 2878 443 2967 primarium
464 2899 575 2970 neque
596 2878 917 2968 argumentationis,
947 2901 1014 2970 qua
1040 2879 1163 2968 utitur,
1192 2903 1246 2950 sa·

168 2980 240 3048 ries
262 2979 612 3050 commemorationem
635 2979 736 3050 buius
757 2980 887 3050 decreti
909 3003 953 3048 ea
971 2977 1174 3052 mareotim
1195 2980 1245 3050 ei-

168 3081 322 3170 flagrat,
347 3104 414 3173 qun
434 3081 610 3152 iubeamnr
631 3084 675 3152 de
695 3081 873 3152 itineribus
894 3081 995 3152 Pauli
1014 3084 1051 3152 in
1072 3081 1245 3154 Galatiam

170 3183 400 3276 tantisatque
428 3184 472 3254 de
493 3191 663 3272 tempore,
689 3205 755 3275 quo
783 3183 909 3254 litteris
937 3183 1081 3256 Galatas
1108 3185 1245 3272 adierit,

167 3287 373 3356 sententium
396 3283 556 3372 amplecti
583 3304 628 3354 ex
654 3285 731 3355 loco
756 3286 851 3356 Acta
870 3285 930 3366 14,
944 3286 983 3358 6.
1008 3288 1146 3358 minime
1166 3309 1245 3376 prc-

166 3389 326 3458 bandam.
376 3386 511 3456 Galatis
532 3387 654 3479 quippe
675 3388 767 3458 baud
789 3388 890 3458 dubie
912 3390 1016 3478 probe
1038 3391 1244 3478 innotuerat,

169 3493 259 3577 quod
279 3489 525 3572 Hierosolymis
548 3489 752 3559 auctoritate
769 3489 1009 3578 Apostolorum
1030 3491 1147 3562 fuerat
1167 3515 1244 3562 aan-

170 3591 291 3674 citnm,
324 3614 426 3682 qnam
459 3593 586 3660 Paulus
617 3591 758 3684 eiusque
792 3593 954 3680 comites,
986 3592 1102 3682 plnres
1134 3595 1243 3664 Asine

169 3692 310 3760 minoris
337 3693 495 3764 ciuitates
520 3695 699 3764 itineribus
725 3703 964 3782 peragranter,
991 3694 1173 3784 diligenter
1201 3697 1245 3766 iis

168 3794 390 3864 tradidissent
418 3791 603 3888 φυλάσσειν
637 3792 680 3866 τὰ
710 3793 860 3886 δόγμασιν
891 3793 934 3866 τὰ
969 3801 1143 3887 κεκριμένα
1178 3793 1244 3868 ὑπὸ

167 3897 235 3968 τῶν
255 3891 451 3970 ἀποστόλων
470 3903 527 3968 καὶ
546 3900 614 3968 τῶν
633 3903 860 3992 πρεσβυτέρων
881 3901 947 3970 τῶν
967 3902 1002 3970 ἐν
1018 3896 1242 3992 Ἰερουσαλήμ,

167 3999 263 4082 Acta.
279 3999 339 4078 16,
352 3999 391 4069 4.
433 4000 515 4071 Jam
535 4024 617 4072 uero
640 4003 845 4090 experiundo
865 4012 1077 4092 cognouerat
1095 4006 1242 4096 Aposto-

169 4103 241 4188 lus,
267 4125 327 4172 eos
351 4103 567 4182 Galatarum,
594 4127 680 4196 qnos
706 4107 772 4176 hac
794 4104 938 4192 epistola
958 4106 1104 4176 maxime
1123 4113 1243 4176 octan-

171 4207 234 4275 dos
268 4211 305 4272 ot
333 4204 552 4294 corrigendos
585 4209 733 4294 preterit,
761 4209 964 4294 auctoritate
990 4208 1083 4280 illine
1113 4209 1242 4278 decreti
