2734 4820
252 369 362 460 spur.
376 369 405 438 1.
427 371 472 436 ..ι
492 369 666 447 suessan.
695 369 735 440 o.
757 369 800 440 v.
828 369 873 442 v.
897 368 961 442 ee.
983 369 1047 441 ee.
1116 366 1194 442 reo
1232 309 1235 320 Δ

124 547 235 625 nitenti
260 547 424 628 matu,
452 535 641 623 wotes'lieo
666 547 801 607 addietm
826 564 891 610 οιιο
916 552 1069 628 οροιιοοι,
1097 538 1216 628 ἐμώ.

126 671 222 732 μους,
252 641 466 729 α’μέμιιτουςὲ
512 649 680 722 Praeplaoet
705 650 799 726 prius,
830 666 917 724 quum
949 651 1026 710 notin
1056 651 1198 728 posterior

126 753 217 812 verbo
239 744 391 831 οἷγιοίζιιν
409 749 570 824 inhaereat,
594 751 745 828 ipsumque
769 751 919 814 audiamus
939 753 1108 826 Apostolum
1127 751 1197 810 illud

125 845 278 920 ὁλοτελεῖς
307 853 423 912 uberius
450 851 495 910 sie
519 851 762 926 interpretantem:
793 848 863 914 καὶ
888 845 1115 931 ὁλόκληρον
1141 856 1197 910 eto.

125 955 209 1024 ouon
233 955 265 1012 ln.
289 953 310 1013 i.
339 958 455 1028 praeter
481 954 599 1034 σῶμα
631 958 660 1012 et
686 954 846 1032 πνεῦμα
880 960 909 1012 et
938 949 1047 1035 ψυχὴ
1075 954 1197 1013 seorsim

127 1059 381 1142 commemoratur,
410 1071 446 1114 ex
467 1055 630 1118 discrimine
651 1057 774 1129 quodem
795 1057 941 1132 utriusque
961 1057 1005 1116 rei
1028 1056 1197 1132 intelligen-

124 1157 193 1218 dum
215 1162 275 1233 est,
300 1157 331 1216 iu
350 1156 459 1216 seholis
478 1157 592 1231 quidem
612 1156 845 1230 philosophorum
871 1173 1045 1233 graecorum
1072 1173 1198 1216 secure-

125 1260 184 1318 tios
210 1259 343 1336 dedrdto,
367 1260 421 1318 sed
446 1259 533 1318 etiam
558 1257 640 1335 aliis,
664 1259 833 1332 praesertim
859 1259 980 1318 Judeeis
1004 1259 1199 1318 alexandrinis

124 1361 204 1420 illius
224 1362 293 1418 aevi
311 1359 390 1420 haud
409 1359 572 1436 incognito,
596 1375 653 1436 quo
675 1359 836 1439 ιινιῦμα
858 1360 901 1436 (s.
923 1360 1035 1438 νοῦς)
1062 1361 1100 1418 ad
1119 1362 1200 1420 vires

126 1466 155 1520 et
173 1463 326 1520 facultates
351 1463 415 1524 eius
442 1466 578 1536 neturus,
605 1477 689 1536 quem
714 1461 839 1520 animum
865 1461 1003 1538 dicimus,
1029 1465 1200 1537 superiores

128 1564 246 1641 (uest)
272 1564 407 1640 pertinet,
432 1556 541 1650 ψυχὴ
568 1563 606 1624 ed
631 1561 793 1636 infertores
811 1562 951 1642 (Seele),
976 1563 1198 1643 Marounda-

128 1671 188 1726 ton.
203 1667 315 1726 Philus.
332 1668 365 1742 3,
381 1666 433 1725 13.
455 1666 578 1740 Joaepd.
598 1664 714 1740 uuupql
729 1665 952 1744 Juno.1,1,2.
968 1668 1003 1744 3,
1021 1664 1075 1744 11,
1090 1667 1122 1724 3.
1143 1667 1198 1724 uir.
1222 1669 1228 1676 '

128 1762 216 1828 sotto
238 1770 276 1828 de
295 1769 414 1842 mtproo
429 1766 503 1826 Adr.
524 1783 556 1840 p.
568 1767 643 1824 339.
664 1765 859 1826 edFraneot'.
879 1767 1063 1842 pluribusque
1078 1767 1097 1823 l.
1127 1765 1197 1824 Ne·

131 1873 275 1946 gaveruut
296 1869 408 1941 quidem
428 1869 526 1942 plures
545 1867 716 1940 interpretes
736 1867 784 1943 (v.
805 1883 831 1924 o.
851 1867 1012 1946 KoppeJ,
1037 1883 1198 1944 sermonem

130 1971 207 2030 Novi
226 1970 383 2046 Foederis‚
402 1970 525 2028 ιΙίιιιιιιιι
545 1970 649 2046 quippe
669 1986 689 2026 a
708 1971 861 2030 subtilitate
879 1969 1123 2051 philosophorum,
1144 1983 1198 2030 re·

127 2073 232 2132 tionem
252 2071 389 2131 habuisse
408 2070 494 2130 noim
515 2069 705 2146 diversitatis,
730 2087 815 2146 qaum
837 2091 892 2132 rer.
910 2075 939 2130 et
958 2065 1064 2152 ψυχὴ
1084 2071 1198 2148 promi-

125 2190 196 2233 scue
221 2177 412 2250 usrupentur,
439 2173 480 2230 ita
504 2176 536 2230 ut
561 2169 619 2230 hoo
644 2174 751 2245 pariter
776 2178 861 2248 atqru
885 2174 957 2232 illud
976 2175 1113 2234 universe
1133 2189 1198 2232 eam

127 2280 259 2334 naturam
278 2275 391 2350 ionum,
411 2289 484 2349 quae
504 2262 630 2352 σώματι
650 2275 813 2350 opponitur,
833 2277 887 2332 err.
908 2275 946 2334 de
965 2269 1056 2356 ψυχὴ
1083 2277 1196 2338 Mattlt.

127 2379 182 2458 10,
193 2381 252 2449 128.
281 2378 431 2438 11.(1οιτ.
448 2377 480 2454 1,
494 2380 549 2440 33.
564 2377 620 2455 13,
634 2376 685 2440 13.
707 2379 819 2438 Colore.
833 2379 867 2456 3,
879 2379 934 2436 33.
955 2378 994 2436 de
1013 2396 1123 2456 πνευμ.
1144 2379 1196 2440 Jo.

126 2480 179 2556 11,
198 2482 254 2540 33.
273 2479 328 2557 13,
347 2479 401 2542 21.
420 2479 489 2540 ΠΙ.
512 2495 559 2554 ep.
579 2481 630 2540 Jo.
650 2483 725 2544 nt,
739 2480 782 2540 J.
794 2480 924 2566 Corne,
937 2481 968 2536 3.
997 2482 1154 2558 conns,
1167 2479 1198 2537 ὅ.

126 2581 163 2638 ol.
197 2581 411 2656 comoedum,
429 2579 487 2637 lrao
507 2581 537 2638 in
557 2597 591 2642 re
610 2596 668 2640 non
687 2597 808 2654 prorsus
828 2583 1003 2640 constantem
1022 2580 1199 2654 deprehendi
1222 2635 1226 2646 ,

127 2683 284 2744 orationem
306 2681 477 2756 scriptorum
498 2680 536 2740 N.
557 2683 591 2740 p,
639 2683 704 2740 Neo
724 2683 903 2760 argumentis
923 2684 1058 2755 probetur
1077 2681 1199 2756 idoneis,

126 2785 254 2844 ludaeos
274 2784 387 2844 illorum
406 2787 565 2857 temporum
584 2782 641 2842 hoo
660 2799 749 2842 sensu
768 2785 844 2844 inter
872 2784 934 2870 pipp
957 2787 987 2842 et
1008 2795 1068 2862 pur
1091 2783 1198 2844 distin-

128 2901 219 2961 gnere
239 2884 339 2944 solitos
360 2901 434 2946 esse.
475 2887 626 2961 Attamen,
651 2887 700 2946 ubi
719 2885 777 2944 hoo
802 2885 900 2962 agitem
921 2885 969 2961 (io
989 2885 1105 2957 seriptis
1130 2901 1198 2942 ma·

128 2987 203 3044 xime
223 2986 371 3064 Paulinis)
392 2991 425 3046 ut
444 2987 522 3048 notio
542 2991 661 3050 naturae
680 2986 803 3044 hominis
824 2987 1054 3062 praestantioris,
1078 2988 1199 3044 οιιὲιιιαο

125 3090 297 3165 rationalis,
318 3095 467 3164 φιαίοιιιιι
488 3096 618 3150 mennae
637 3090 757 3150 άιόἑιιιιο
776 3097 904 3166 eopuuta
923 3092 974 3168 sit,
996 3095 1025 3148 et
1046 3089 1090 3146 tto
1111 3102 1197 3146 eom·
1268 3157 1270 3163 Ι

123 3196 248 3267 purete,
269 3195 305 3252 ut
324 3193 407 3250 intus
425 3193 604 3266 expertetur
625 3189 819 3262 efficientiam
841 3184 1060 3268 πνεύματος
1082 3179 1204 3264 clyton

127 3292 373 3369 sumerum,
394 3293 596 3366 perspicuitate
615 3291 773 3365 praecipue
793 3291 970 3366 declaretur,
996 3290 1120 3367 πνεῦμα
1140 3302 1199 3361 po·
1267 3364 1272 3372 1

126 3389 181 3452 uus
206 3392 313 3451 unitur
340 3377 569 3474 emmone,
594 3395 712 3456 nm.
735 3395 769 3472 1,
786 3397 818 3452 ο.
838 3397 872 3472 ο,
890 3396 945 3454 ee.
965 3393 999 3469 s,
1015 3391 1045 3450 1.
1059 3392 1090 3448 e.
1104 3391 1135 3448 ο.
1149 3391 1199 3448 ιο.

127 3496 154 3551 l.
169 3497 257 3556 Corr-
269 3497 305 3572 2,
321 3493 372 3553 11.
386 3497 420 3574 6,
433 3498 487 3558 20.
510 3497 550 3554 ut.
571 3494 749 3568 saepissime.
790 3495 901 3556 Eodem
921 3509 1010 3552 sensu
1030 3493 1058 3552 1.
1071 3494 1198 3572 Com,

130 3596 185 3655 14.
200 3611 247 3671 sq.
268 3595 398 3654 homiues
419 3597 632 3672 usungunntur
656 3590 932 3676 πνευματικοὶ,
958 3595 977 3652 i.
999 3609 1025 3652 e.
1044 3595 1076 3652 iu
1097 3593 1199 3668 quibus

129 3697 223 3756 enims
242 3699 390 3758 monetis
411 3697 531 3774 [namra
550 3699 700 3776 superior)
726 3698 786 3756 viru
806 3711 888 3756 suam
908 3695 1062 3771 praecipue
1082 3694 1199 3768 exserit,

130 3798 168 3855 ita
187 3804 220 3860 ut
238 3800 433 3858 illuminentur
453 3803 481 3858 et
504 3801 688 3872 perficientur
701 3815 754 3872 per
770 3801 907 3872 Spiritum
921 3798 1058 3871 diuinum,
1078 3799 1107 3852 et
1126 3809 1198 3874 epu·

127 3897 249 3980 χιιιοὶ,
282 3901 331 3975 qui
356 3917 410 3958 suo
441 3905 548 3958 uotum
574 3917 661 3959 sensu
691 3905 721 3960 et
744 3903 862 3962 adtente
892 3899 1013 3958 naturali
1048 3899 1199 3972 ducuntur,

130 4002 251 4074 tumque
276 4003 306 4064 1.
324 4005 410 4062 corr.
430 4003 485 4079 15,
502 4003 565 4060 44.
593 4002 691 4080 σῶμα
720 3995 910 4081 ψυχικὸν,
937 4013 1042 4073 eorpus
1067 3996 1199 4072 animale,

131 4104 247 4174 propius
268 4105 450 4162 coniunctum
470 4104 631 4161 adfectibus
651 4101 741 4160 variis
768 4107 797 4160 et
822 4101 1036 4176 eupiditetiltus,
1060 4114 1135 4173 quae
1159 4099 1198 4156 ad

133 4199 242 4284 ψυχήν
268 4209 394 4266 nosram
419 4205 574 4282 pertinent,
602 4205 752 4282 opponitur
785 4201 1056 4284 ποιομαιικῷ,
1084 4199 1199 4272 eorport
