2684 4830
193 403 273 476 382
344 403 499 494 Epistola
520 405 564 472 ad
586 405 738 473 Galatas
766 403 873 475 0.·11.
902 403 944 475 V·
969 405 1139 478 ll-lt

191 583 393 642 concedemus.
440 580 549 649 Quodsi
569 580 725 641 orationem
750 585 913 640 contextam
938 597 968 640 v.
987 581 1038 640 11.
1063 597 1167 656 presso
1194 583 1272 657 pedo

191 685 351 760 sequimur,
380 683 459 742 haud
485 681 571 742 dubie
603 681 696 741 cuivis
721 681 823 742 lectori
848 687 950 756 sponte
980 685 1098 742 offertur
1122 685 1270 742 sententia

191 786 322 860 lioppii
353 785 509 862 Borgeri
545 783 722 860 aliorumque
753 769 945 859 tutt'quihus
976 786 1100 844 narretio
1132 787 1271 858 Apostoli
1329 839 1330 852 ,

191 903 250 946 non
277 885 398 945 rediisse
419 887 457 944 od
484 891 612 960 tempora
631 889 699 944 outo
722 886 877 961 synodum,
902 887 987 944 lmmo
1014 901 1173 962 progressa
1202 901 1268 944 esse
1329 887 1330 952 i

190 989 306 1048 videtur
328 989 368 1046 ad
389 987 529 1046 eiusmodi
549 1004 610 1046 rem
631 990 759 1064 gestam,
786 1002 859 1060 quae
885 992 1056 1046 conventum
1075 987 1269 1058 iherosolym.

193 1105 261 1148 mox
282 1091 372 1148 luerit
396 1089 555 1164 insequuto.
604 1088 711 1146 Paulus
732 1093 760 1146 et
779 1089 943 1165 Barnabas,
971 1094 1115 1148 conventu
1141 1093 1270 1163 peracto,
1329 1063 1330 1088 ³

192 1191 378 1251 Antiochiam
403 1191 566 1266 redierunt,
591 1193 713 1248 testante
738 1191 826 1250 Luca
851 1189 930 1250 Actt.
945 1191 998 1271 15,
1012 1192 1065 1248 33.
1086 1206 1152 1266 epp.
1182 1189 1269 1266 [nihil
1329 1211 1330 1228 1

194 1293 308 1366 qvnidem
334 1288 503 1364 perhibente
527 1291 565 1348 de
589 1291 637 1350 iila
662 1291 742 1350 Petri
768 1296 797 1350 et
822 1291 904 1351 Pauli
930 1287 1155 1370 controversia).
1203 1291 1269 1350 Nee

190 1397 298 1454 temere
319 1391 486 1452 observavit
505 1389 632 1465 Koppe
657 1394 695 1451 ad
715 1393 743 1451 h.
763 1394 782 1452 l
802 1389 881 1451 illam
901 1391 1043 1467 publicam
1062 1394 1142 1452 Petri
1161 1409 1266 1466 repre-

190 1493 374 1570 hensionem,
407 1509 483 1568 quae
515 1493 600 1552 simul
630 1495 790 1554 Barnaham
820 1499 931 1554 noaret
968 1493 1042 1570 (err.
1063 1508 1093 1552 v.
1112 1493 1164 1552 1³.
1182 1493 1265 1576 lt),

191 1599 327 1654 conterre
348 1595 455 1670 aliquid
475 1596 603 1669 potuisse
623 1595 661 1656 ad
682 1596 832 1654 dissidium
852 1595 936 1654 Pauli
957 1600 984 1653 et
1000 1585 1161 1671 Barnabae,
1184 1597 1265 1654 cuine

191 1696 297 1757 mentio
319 1696 498 1767 mota-Aen.
514 1698 568 1776 lo,
582 1699 636 1756 39.
678 1693 823 1776 [Dtatim
841 1702 911 1771 poet
930 1701 1101 1756 conventum
1120 1697 1264 1755 lliercsnl.

190 1798 419 1857 controversiam
452 1798 589 1858 Antioch.
616 1799 759 1858 occidisse
786 1799 942 1857 coniiciunt
974 1797 1119 1858 duumviri
1153 1801 1264 1874 eruditi,

190 1901 224 1960 G.
251 1898 441 1960 Schrader
468 1903 500 1958 et
523 1899 558 1958 F.
583 1899 758 1975 Kochler,
789 1898 859 1957 ille
893 1899 1006 1974 quidem
1032 1900 1062 1958 in
1088 1900 1179 1960 libro:
1213 1903 1266 1958 der

188 2001 315 2076 Apostot
345 2001 463 2061 Paulus
494 2001 528 2062 Τ.
547 2003 576 2061 Ι.
609 2021 642 2076 p.
665 2003 739 2059 126.
760 2017 823 2078 sqq.
839 2009 928 2059 'anno
947 1997 998 2058 oo.
1031 2015 1116 2074 quum
1148 2003 1265 2078 Paulus,

189 2102 511 2180 ephesoaliqnamdln
538 2103 704 2180 digressus,
731 2101 795 2160 alhs
815 2103 980 2180 regionibus
1006 2102 1102 2160 mdtis
1127 2103 1262 2180 lustratis,

188 2205 405 2280 Hierosolymas
425 2207 530 2266 iterum
550 2204 683 2281 adiisset,
711 2205 788 2262 nude
814 2219 879 2262 curn
900 2207 986 2264 Petro
1006 2203 1135 2262 venisset
1155 2206 1263 2263 Antio-

189 2304 305 2384 chiom,
335 2323 410 2383 quae
443 2307 548 2366 itinera
580 2305 678 2365 Lucas
711 2321 749 2364 ex
780 2305 919 2364 sententie
950 2304 1158 2365 Schraderi
1185 2305 1262 2392 Artt.

190 2410 245 2487 dv,
257 2409 311 2470 20.
334 2408 449 2468 silentio
471 2409 596 2484 transiit,
616 2407 675 2466 hic
696 2421 768 2466 vero
788 2407 816 2466 ln
838 2407 857 2465 l.
874 2409 1009 2468 Verruci
1028 2411 1104 2467 vitm·
1124 2409 1175 2467 die
1195 2408 1263 2468 Ao-

189 2509 395 2587 faoa'trrtpazec't
415 2513 471 2570 der
490 2511 696 2586 epr'stolieoderr
716 2507 873 2583 Schrtftea
894 2517 948 2568 eto.
967 2527 1000 2584 p.
1017 2512 1072 2569 33.
1091 2524 1155 2586 epp.
1178 2526 1263 2583 quum

190 2611 300 2670 Paulus
321 2625 357 2670 eo
378 2615 506 2685 tempore
521 2611 694 2670 Antiochino
713 2615 893 2686 versaretur,
921 2609 959 2666 de
979 2609 1261 2689 qquett.18,2t.

189 2726 286 2771 sermo
327 2718 396 2789 est,
433 2717 581 2788 postquam
625 2712 832 2785 Hierosolymis
873 2711 1076 2796 discessisset,
1121 2713 1262 2786 siquidem

190 2815 230 2871 V.
259 2812 422 2874 Kochlor
454 2813 559 2888 diique
591 2815 771 2889 participium
804 2805 940 2894 ἀναβάς
966 2829 996 2870 v.
1017 2811 1067 2871 tt.
1097 2813 1136 2872 de
1161 2815 1261 2872 itinere

187 2916 303 2978 llieros.
326 2917 558 2990 interpretantur.
606 2917 718 2974 Verum
745 2914 892 2975 enimvero
919 2919 948 2976 et
975 2917 1156 2991 argumentis
1192 2932 1261 2990 queo

185 3015 335 3075 sutllciunt
368 3018 574 3093 destituuntur,
606 3033 680 3091 quae
715 3018 752 3076 de
784 3023 905 3090 uhoque
936 3005 993 3074 illo'
1011 3017 1115 3076 itinere
1150 3019 1261 3077 Hieros

185 3100 349 3195 perhibent,
370 3123 400 3178 et
419 3120 504 3193 plura
523 3119 679 3192 impediunt
699 3135 755 3194 quo
776 3119 869 3177 minus
894 3117 1019 3176 namatio
1039 3119 1124 3176 Pauli
1144 3121 1184 3178 ed
1200 3120 1262 3178 tid.

187 3222 220 3280 C.
237 3223 276 3279 11.
299 3222 336 3280 de
357 3221 495 3280 alterutro
516 3220 619 3279 horum
638 3220 769 3279 itinerum
791 3218 976 3296 intelligatur.
1019 3219 1081 3278 Cir.
1094 3236 1168 3293 quoe
1190 3221 1260 3278 bre-

186 3323 261 3381 viter
287 3321 317 3380 in
343 3324 532 3400 prologomrn.
560 3321 708 3380 docuimus
729 3320 760 3397 §.
781 3318 821 3397 o,
840 3319 957 3378 uberius
975 3320 1006 3379 in
1025 3319 1044 3378 l.
1072 3323 1261 3396 Erdrteremp

144 3459 150 3468 ·
187 3426 300 3500 sinder
327 3413 486 3500 wiohtipen
512 3423 820 3499 circumcurrentem
846 3425 880 3481 to
907 3424 962 3481 der
981 3423 1263 3499 hchmspeeehicdle

187 3527 239 3584 dee
259 3526 375 3584 Paulae
396 3533 451 3586 etc.
473 3527 509 3602 ς.
527 3529 560 3586 5.
580 3529 610 3585 t.
631 3522 685 3604 8.]
728 3525 877 3598 ceterum,
896 3524 924 3582 sl
943 3523 1007 3597 quis
1025 3525 1055 3583 ln
1076 3539 1112 3583 eo
1131 3523 1262 3599 haerent,

188 3627 264 3702 quod
284 3628 396 3702 Petrus,
418 3628 468 3701 qui
486 3628 702 3702 persuasionem
729 3627 767 3684 de
798 3624 909 3684 sublato
928 3625 1105 3684 ludaeorum
1127 3627 1264 3702 Pagone-

186 3743 307 3804 rumqne
339 3728 505 3792 discrimine
541 3733 629 3805 atque
665 3729 702 3786 de
734 3727 863 3785 dhertate
894 3724 1122 3785 Christianorum
1148 3743 1167 3785 a
1195 3726 1264 3802 lege

186 3831 264 3890 hlos.
293 3828 469 3888 cerimonieli
494 3831 525 3889 in
553 3835 697 3889 conventu
722 3829 979 3900 lllemsolymiteno
1005 3828 1134 3905 ingenuo
1159 3827 1263 3884 deela-

186 3937 279 3991 nasset
307 3929 657 4010 (Aett.15,7.epq.),
683 3931 852 4004 paulopost
877 3928 1050 3988 Antiochiae
1081 3929 1187 3988 iterum
1213 3929 1263 3986 iu-

186 4033 306 4092 dulseril
326 4031 634 4091 ledaco-Christianis
654 4008 859 4108 severioribus,
878 4031 988 4108 eodem,
1008 4030 1122 4107 opinor,
1148 4031 1213 4089 lure
1233 4029 1264 4087 ln
1329 4057 1330 4060 ¹

185 4137 264 4193 laeto
283 4136 361 4194 Petrl
381 4135 583 4210 haesitaverit,
610 4134 636 4191 si
662 4137 728 4192 anta
749 4137 919 4194 conventum
945 4133 1086 4191 accidisse
1112 4131 1265 4190 existirw
1329 4087 1330 4172 i

186 4239 240 4293 tur.
282 4235 339 4294 llla
361 4235 463 4310 quippo
484 4234 638 4310 perserasio
658 4232 739 4294 recta
765 4239 853 4314 prius
873 4235 1033 4312 contigerat
1053 4236 1155 4310 Petro,
1183 4233 1264 4294 ,lert
