2744 4824
153 333 234 404 esu
521 334 839 424 Prolegomenu.

157 505 232 575 eius
254 513 290 576 et
310 505 440 595 scripta
461 505 659 576 docueruut.
703 503 770 594 (llll
796 525 878 575 sero
901 500 1100 574 Gemolielis
1129 501 1240 600 disei-

157 608 269 696 plicae
297 616 392 678 recte
421 608 633 678 existimatur
666 615 743 696 post
778 607 906 676 abitum
940 609 1072 677 demum
1103 603 1238 696 curisti

157 712 303 780 traditus
327 731 422 798 esse,
455 710 619 800 siquidem
641 729 706 778 neo
726 710 760 778 in
782 709 993 780 sermonibus
1013 729 1077 776 ncc
1104 705 1140 776 iu
1163 705 1240 794 epi-

157 813 256 880 stolis
278 811 379 880 Pauli
398 813 579 900 vestigium
608 819 767 902 apparet,
789 814 877 900 quod
899 809 1068 898 significet
1087 808 1240 896 Aposto·
1352 833 1353 836 ¹

159 913 247 1002 lum,
275 915 432 1004 quamdiu
454 915 610 984 Christus
631 917 665 982 in
689 915 741 985 his
768 915 871 983 terris
893 913 1043 999 viveret,
1070 909 1240 978 Hieroso·
1352 927 1353 1000 j

157 1016 266 1100 lymas
287 1017 442 1102 senisse,
470 1016 647 1108 ipsumque
674 1017 892 1086 Servatorem
922 1017 965 1085 de
991 1013 1081 1082 fecie
1110 1033 1240 1100 cogno·

158 1119 278 1207 visse.)
321 1119 393 1196 Gir.
415 1115 605 1189 Kiiclnler
627 1124 806 1187 comment.
828 1138 932 1207 supra
953 1117 1044 1186 laud.
1066 1116 1110 1184 olo
1130 1135 1241 1202 amru,

157 1243 223 1311 ouo
244 1220 291 1290 P.
314 1221 366 1290 ad
382 1243 487 1289 soora
512 1221 637 1290 camus.
659 1242 843 1290 cormesius
862 1231 916 1288 cst
933 1243 966 1308 p.
985 1217 1022 1286 8.
1048 1239 1121 1307 sqq.
1163 1215 1242 1283 Te-

159 1343 301 1404 neamus
322 1322 440 1412 igitur,
460 1323 589 1414 aliquot
610 1332 703 1392 certe
725 1323 842 1392 anuos'
854 1321 957 1389 sb'eo
977 1320 1056 1388 inde
1071 1327 1240 1408 tompore,

163 1445 228 1514 quo
252 1423 408 1494 Christus
431 1433 525 1494 terra
546 1427 755 1513 discederet,
786 1425 831 1493 ad
852 1423 1105 1492 couversionem
1126 1441 1241 1508 usque

159 1526 260 1596 Pouli
282 1523 359 1596 esse
382 1525 530 1615 elapsos.
565 1527 789 1598 Gonsulsmus
812 1547 912 1615 porro
932 1527 1037 1592 effata
1056 1525 1115 1593 11.
1133 1522 1239 1591 om.

165 1626 369 1716 19,1-4.
403 1629 466 1714 11,
487 1626 550 1696 39.
579 1652 629 1718 sq.
679 1629 790 1696 Priori
820 1629 953 1718 quidem
980 1625 1058 1694 loco
1086 1632 1239 1695 testatur

160 1730 359 1820 Apostolus,
377 1742 457 1800 ants
473 1727 534 1798 hos
546 1731 805 1820 mosmos-demin
824 1751 932 1798 omncs
945 1729 1109 1798 visionem
1121 1722 1240 1814 (ὄπτα-

163 1835 250 1916 σίαν,
270 1829 498 1924 ἀποκάλυψιν)
520 1831 583 1898 sihi
607 1855 629 1898 a
643 1831 787 1902 Domino
809 1831 1008 1918 contigisse,
1030 1829 1127 1900 cutim
1149 1828 1240 1896 haec

163 1943 257 2006 esset
290 1935 438 2022 indoles,
472 1941 511 2000 nt
539 1936 583 2000 ad
610 1934 746 2024 tertium
776 1933 929 2021 coelum,
964 1936 1007 2002 sd
1041 1931 1238 2021 paradisum

163 2039 324 2125 obreptus
353 2037 418 2104 sibi
451 2036 642 2123 videretur,
676 2035 875 2125 audiretque
907 2035 1014 2104 verba
1040 2032 1237 2103 ineffabilia.

163 2139 348 2216 Quaeritur
382 2138 543 2226 primum,
572 2160 637 2227 quo
663 2151 814 2229 temporo
842 2137 950 2205 Panlo
984 2161 1027 2206 cs
1055 2134 1239 2222 contigerit

163 2241 367 2330 patefactio,
401 2240 499 2308 cuius
526 2240 722 2306 memoriam
750 2245 885 2325 gratum
914 2236 947 2304 h.
982 2237 1005 2306 1.
1034 2237 1238 2306 celebraret.

164 2343 385 2428 Argumentis
407 2349 546 2410 utuntur
566 2342 657 2408 haud
678 2339 942 2426 contemnendis,
965 2339 1022 2428 qui
1036 2337 1239 2428 Apostolum

165 2444 199 2512 lr.
221 2444 245 2509 l.
267 2441 323 2512 sel
345 2445 387 2510 de
409 2443 452 2508 iis
474 2443 646 2529 cogitasse
668 2442 879 2529 existimant,
908 2465 995 2532 quae
1024 2441 1132 2531 ipsius
1160 2463 1238 2508 cou-

163 2546 332 2616 versionis
354 2552 525 2631 tempora,
547 2566 648 2632 quum
669 2545 805 2633 propius
827 2547 872 2612 sd
893 2544 1100 2626 Damascum
1121 2543 1238 2612 ardens

167 2648 370 2733 accederet,
390 2645 535 2714 vidisset
556 2652 592 2714 et
613 2647 777 2716 audiisset
802 2646 917 2730 (Asu.
938 2642 976 2734 9,
998 2645 1034 2716 3.
1055 2647 1159 2735 sqq),
1184 2643 1241 2715 sel

166 2749 269 2840 (qued
290 2747 347 2816 ulii
369 2747 498 2818 rectius
519 2754 671 2816 statuunt
691 2757 829 2837 propter
846 2748 953 2819 verba
969 2746 1143 2836 Apostolis
1166 2737 1241 2816 olis

43 2857 46 2863 ’
167 2846 403 2942 ἄνθρωπον
430 2851 472 2918 ἐν
502 2850 694 2942 Χριστῷ)
716 2851 965 2920 derisionibus
987 2857 1023 2920 et
1042 2847 1240 2940 patefactio

167 2953 267 3022 nibus
288 2955 403 3022 statuis
417 2964 496 3042 porr
512 2956 763 3020 emerultmm
784 2951 899 3040 [Acts.
910 2948 949 3040 9,
967 2949 1044 3041 19.)
1062 2950 1128 3040 ipsi
1149 2949 1241 3020 oblu-

168 3055 226 3122 tis.
270 3052 342 3124 cfr.
365 3055 407 3123 B.
430 3051 529 3121 Keil
549 3055 685 3123 dusera
708 3055 751 3120 do
767 3055 885 3125 Posito
904 3053 968 3146 πρὸ
990 3056 1072 3122 ἐτῶν
1094 3057 1241 3123 δεκατεσ-

169 3152 282 3246 σάρων
303 3151 483 3244 ἁρπαγέιντι
504 3167 568 3222 stc.
592 3155 692 3246 Lips.
716 3153 832 3224 1816.
852 3154 890 3225 4.
919 3157 953 3224 in
976 3156 1050 3226 eius
1075 3157 1241 3248 φωωὶίε

170 3259 294 3328 ocodd.
309 3257 362 3324 ed.
382 3256 574 3344 Goldm,
587 3257 687 3349 Lepos.
704 3255 822 3326 1891.
843 3256 1064 3349 p.318.sqq.
1086 3256 1242 3350 Epistola

170 3361 287 3430 Pauus·
295 3361 345 3426 od
357 3359 457 3428 Gora
465 3365 639 3450 pommus·
648 3381 783 3452 gracco
792 3371 964 3451 perpetuo
980 3373 1152 3428 comment.
1164 3359 1241 3429 ills-

171 3467 295 3532 dromi
315 3461 567 3548 Emmerliug
586 3459 686 3550 Lips.
705 3459 823 3530 1893.
846 3462 1012 3554 prolegg.
1032 3484 1065 3549 p.
1089 3458 1151 3529 16.
1171 3483 1242 3551 sqq.

171 3563 396 3634 Matthaeis
421 3562 1141 3657 derleelspmnglwboderApoealJm,
1155 3563 1243 3634 AB.

177 3665 389 3758 otomagm,
412 3663 528 3734 1896.
545 3661 586 3734 8.
614 3663 754 3754 ptilt).
774 3685 845 3756 sqq.
894 3666 1011 3734 Malim
1032 3673 1147 3734 tumen
1169 3687 1243 3734 cnm
1352 3715 1353 3722 1

173 3767 439 3837 Schradesor
462 3766 529 3836 des·
548 3765 694 3859 Apostel
709 3769 849 3838 Pausa
873 3769 917 3837 Τ.
937 3767 971 3838 1.
994 3763 1244 3860 Lenius-183⁰.

166 3891 206 3958 p.
226 3868 289 3938 5¹7.
309 3891 382 3959 sqq.
416 3887 492 3936 eam
520 3869 711 3958 intelligere
736 3869 917 3955 visionem,
946 3887 1015 3959 qus
1040 3868 1171 3937 Paulas
1196 3875 1243 3936 te·

173 3979 286 4040 stante
313 3971 405 4049 Aes.
424 3969 489 4050 99,
512 3970 574 4044 17.
593 3995 665 4064 sqq.
693 3993 792 4062 quum
820 3969 1077 4056 Hierosolymss
1105 3969 1244 4038 adiisset

174 4082 251 4163 post
284 4074 537 4145 conversionem
565 4097 653 4142 anno
688 4073 760 4144 iere
796 4075 896 4144 tertio
924 4071 1085 4158 (osu,
1102 4069 1179 4160 18.)
1210 4071 1241 4138 in

174 4176 299 4268 templo
314 4177 623 4262 Hierosolymitsno
643 4179 684 4246 de
703 4195 842 4250 munero
859 4175 1018 4250 duone
1036 4173 1241 4264 potissimum
