2740 4828
171 377 225 450 20
336 407 340 412 ·
452 418 454 428 ·
536 378 856 469 Psolegoussns.

170 549 379 639 lustraverit,
399 550 635 639 Ephesumque
655 547 807 620 redierit.
850 549 1048 638 Quanquam
1070 571 1235 620 commem

169 649 279 720 tarius
295 654 410 720 Lucae
426 652 515 719 baud
536 651 635 719 dubie
656 673 721 718 nou
743 649 786 718 de
807 651 949 738 singulis
965 653 1123 720 omnihus
1137 651 1237 722 Pauli

171 754 347 823 itineribus
379 753 557 841 exposuit,
587 773 720 843 nequeo
753 760 865 821 tamen
900 753 981 820 mihi
1015 757 1237 842 persuadere,

171 855 369 942 scriptorem
404 877 434 922 c.
458 851 519 921 19.
553 861 630 942 post
658 876 690 922 v.
710 852 775 920 00.
805 854 969 922 eiusmodi
997 855 1063 922 iter
1090 854 1237 942 longius,

138 947 270 1044 'quale
298 955 513 1023 Schraderus
543 953 625 1021 h.'l.
652 954 755 1022 inseri
783 955 908 1044 soluit,
937 957 967 1022 si
987 979 1070 1026 rere
1091 957 1236 1025 accidis·

172 1063 238 1142 set,
258 1078 301 1124 ue
322 1056 467 1125 verbulo,
481 1056 612 1147 quidem
631 1057 842 1125 indicandum
865 1057 1089 1226 exicitasse.
1105 1057 1237 1126 'Verba

172 1158 294 1247 quippe
316 1180 348 1226 v.
363 1156 428 1224 81.
450 1153 494 1238 ὡς
519 1154 559 1224 δὲ’
573 1156 755 1248 ἐπληρώθη
779 1161 916 1225 ταῦτα
941 1181 963 1224 ιι
984 1180 1029 1226 xu
1056 1159 1236 1228 manifesto

171 1260 215 1326 iis
237 1259 437 1347 cohaerent,
459 1281 546 1350 quae
567 1260 682 1328 Lucas
703 1283 736 1330 v.
753 1259 860 1326 17-
874 1259 931 1327 00.
961 1268 1155 1347 monuerat,
1176 1263 1236 1328 do·

163 1362 314 1428 tetricam
343 1361 477 1428 Domini
506 1361 593 1430 iuter
620 1361 788 1456 Ephesios
813 1382 1018 1450 magnopere
1048 1362 1236 1432 increvisse

171 1470 208 1530 et
234 1460 442 1551 iuv'uluisse,
470 1464 636 1552 docetque
670 1463 816 1551 scriptor
839 1464 954 1532 verbis
990 1484 1083 1552 seqq.
1117 1486 1149 1532 r.
1168 1461 1235 1531 21.

171 1585 278 1654 nsque
300 1567 344 1630 ud
370 1563 470 1631 linem
491 1563 856 1652 cupitis,·Apostolum
885 1585 975 1634 nunc
1002 1566 1154 1650 demum,
1181 1564 1236 1631 his

171 1666 338 1754 percotis,
371 1668 414 1732 de
441 1685 537 1732 novo,
561 1666 705 1752 itinere,
739 1686 803 1754 quo
837 1685 900 1751 per
928 1664 1164 1732 Macedoniam
1197 1674 1237 1734 et

172 1767 337 1836 Achaiam
354 1765 606 1848 Hierosolymus
624 1768 780 1834 tenderet
801 1765 879 1850 (cfr.
905 1789 936 1834 c.
956 1764 1020 1834 00.
1034 1767 1113 1854 im),
1133 1767 1235 1834 immo

173 1871 215 1936 de
229 1869 303 1956 ipsa
316 1868 424 1935 lloma
437 1867 603 1936 visitanda
616 1868 798 1953 cogitasse,
812 1868 885 1952 sed,
905 1867 1097 1956 priusquam
1111 1871 1153 1935 sd
1168 1869 1237 1936 iter

38 2053 39 2058 ἵ
174 1992 212 2037 se
233 1969 443 2056 accingeret,
471 1968 685 2036 Timotheum
708 1977 744 2037 et
771 1967 929 2034 Erosium
957 1971 1001 2035 ιιι1
1029 1967 1236 2038 Macedones

172 2069 361 2157 legavisse,
389 2069 495 2158 ipsum
523 2091 605 2140 vero
633 2068 836 2158 aliquamdiu
865 2091 965 2158 porro
998 2070 1032 2136 in
1060 2069 1146 2137 Asia
1173 2070 1236 2136 mi·

173 2171 247 2239 nori
269 2170 479 2256 substitisse,
503 2172 621 2258 douec,
643 2171 829 2259 composito
850 2170 1007 2258 tumultu,
1029 2171 1085 2259 qni
1106 2169 1236 2259 Ephesi

175 2279 293 2340 contra
321 2270 461 2339 Paulum
489 2272 628 2362 eiusque
656 2272 795 2340 comites
824 2272 991 2338 excitatus
1023 2270 1160 2359 fuisset,
1189 2273 1235 2340 sb

173 2373 330 2461 Ephesiis
362 2373 565 2441 discederet.
616 2373 713 2440 llaec
745 2373 857 2439 omnis
888 2392 1042 2441 sermone
1074 2375 1233 2442 contiuuo

173 2473 224 2540 ita
245 2483 463 2560 enarrantur,
490 2483 529 2540 ut
549 2473 681 2541 omuino
703 2482 837 2560 pateat,
865 2473 994 2541 Lucam
1022 2474 1122 2563 plane
1148 2459 1235 2543 nihil

174 2582 382 2662 compertum
405 2575 564 2642 hahuisse
586 2577 628 2642 de
648 2574 792 2660 longiori
814 2577 956 2664 quodam
978 2577 1235 2664 Pouliitiuere,

175 2683 298 2745 events
318 2698 350 2744 r.
377 2673 546 2744 17-20.
576 2685 735 2743 enumata
759 2677 849 2744 iuter
876 2685 928 2763 et,
956 2699 1043 2766 quse
1068 2676 1188 2744 deiude
1210 2699 1237 2745 a

175 2801 208 2848 v.
223 2775 288 2845 21.
309 2784 510 2865 sequuntur,
539 2775 746 2864 interposito.
795 2778 985 2868 Parumque
1014 2777 1236 2864 probabiliter

102 2917 104 2924 ,
175 2879 308 2963 Lucas,
341 2879 395 2945 eui
428 2878 560 2944 omniuo
587 2900 644 2948 res
672 2878 770 2946 Pauli
805 2880 892 2948 iuter
919 2878 1084 2966 Ephesios
1115 2875 1236 2966 gestus

175 2979 279 3070 probe
301 2980 455 3065 cognitas
479 2979 585 3048 fuisse
613 3003 644 3048 o.
669 2978 731 3047 19.
754 2982 873 3069 docet,
902 2979 1064 3049 eiusmodi
1091 2979 1173 3068 iter,
1201 2981 1235 3048 si

175 3101 257 3150 vere
279 3081 477 3168 accidisset,
504 3083 680 3168 ignorasse
699 3087 888 3169 putaturt).
930 3086 965 3170 e)
988 3082 1084 3158 Quae
1106 3081 1236 3150 l’aulus

175 3184 209 3251 Ι.
229 3183 397 3251 Thessali·
418 3204 449 3253 e.
465 3183 499 3251 1.
513 3182 549 3250 0.
572 3183 712 3269 dixerit,
739 3183 931 3252 memorium
958 3182 1046 3251 illius
1072 3183 1235 3269 temporis

175 3291 349 3372 repetere,
382 3304 446 3370 quo
481 3289 601 3375 pedm
631 3290 706 3352 cs'ee
735 3283 1005 3352 Thessalonicae
1038 3293 1235 3354 versaretur

175 3387 281 3466 (Aett.
303 3408 334 3454 e.
352 3385 412 3453 17.
438 3383 501 3471 iu.)
519 3386 729 3453 Schraderus
746 3385 820 3471 ipse
843 3406 875 3472 p.
893 3384 958 3454 00.
979 3386 1144 3454 concedit.
1170 3385 1235 3454 At-

175 3495 308 3573 tamen,
336 3509 422 3575 quae
443 3511 473 3556 o.
489 3485 525 3553 3.
553 3487 599 3554 iu.
627 3487 785 3573 leguntur
812 3488 853 3554 de
880 3486 1061 3555 Timotheo
1088 3486 1235 3555 Athenis

176 3585 446 3655 Thessalonicen
476 3588 590 3674 legato
619 3589 699 3677 (quo
728 3587 896 3655 desiderio
922 3587 1039 3674 Pauli,
1070 3589 1113 3656 de
1141 3596 1234 3658 statu

177 3687 294 3754 horum
308 3686 572 3754 Christianorum
593 3688 739 3776 solliciti,
760 3690 1001 3779 quodammode
1023 3687 1236 3776 satisfieret),

177 3794 374 3876 argumento
396 3787 558 3874 capitisl.
575 3797 611 3882 ιζ
625 3789 672 3856 ll.
693 3797 763 3858 tem
784 3798 879 3858 arcte
899 3795 1141 3857 connectuntur
1161 3792 1234 3872 (vd.

245 3965 275 4024 ο)
292 3963 349 4015 ctr.
367 3974 438 4026 quse
459 3965 557 4015 oenus
577 3963 691 4014 similem
714 3938 826 4015 curttt
849 3965 1012 4014 seutentiam
1036 3962 1070 4013 de
1091 3962 1235 4019 luusruus

121 4053 126 4061 '
176 4045 270 4111 Pauli,
287 4059 357 4110 quse
374 4059 408 4098 eo
426 4051 548 4111 tempore
564 4049 717 4110 susceperis
726 4081 735 4112 ,
758 4058 811 4109 quo
827 4047 900 4098 tuter
915 4047 1047 4110 Ephesios
1070 4045 1236 4097 domtctlluus

176 4131 305 4198 haberet,
331 4133 359 4180 tu
374 4131 489 4196 isagoge
515 4141 579 4182 uses
600 4131 856 4183 msceres-omues
880 4131 1011 4183 tu'ltbros
1032 4129 1066 4182 ll·
1080 4128 1113 4181 E.
1134 4139 1236 4181 sacros

175 4227 202 4277 p.
219 4213 279 4266 wo.
295 4216 391 4279 pausts
407 4215 533 4268 diesem
