2734 4820
326 368 381 440 De
403 391 505 442 aenan
525 370 676 442 rutioinii
696 371 736 442 G.
751 373 796 443 11.
818 375 861 444 V.
882 375 1023 446 t-tt.
1130 377 1215 450 249

142 539 225 620 agia
251 543 456 608 defendendos.
506 549 567 608 cir.
593 547 763 623 pannonum
787 551 918 629 Purrqp.
937 553 969 632 1,
980 554 1070 613 93-
1083 556 1136 615 26.
1166 553 1216 616 nii

142 649 244 718 aperte
269 647 432 725 profitetur,
464 649 553 710 vitam
583 649 675 726 ipeina
707 652 868 728 longiorem
899 654 1094 714 neeessariam
1121 655 1215 715 videri

141 743 368 819 Philippensium
389 765 494 826 eausa,
513 755 544 809 et
569 767 644 826 quae
664 755 840 826 presbyteria
860 755 933 815 dixit
950 755 1107 829 liphaeinia
1131 757 1213 818 Acte.

142 848 200 928 20,
214 849 367 912 28-30.
388 853 427 912 de
447 853 706 913 doctoribuaialaia
726 859 757 913 et
774 857 921 932 improbis,
940 873 1013 931 quoa
1030 857 1121 930 prone
1142 873 1214 917 noa-

142 953 204 1024 net,
223 947 354 1022 luporum
373 952 465 1012 instar
484 955 574 1030 gregi
593 953 672 1014 haud
691 957 887 1033 parcentium,
912 962 978 1033 post
996 959 1088 1032 ipsius
1109 960 1215 1018 obitum

141 1049 238 1124 palam
258 1066 326 1110 eoae
341 1053 523 1131 prodituros,
549 1057 626 1114 unde
646 1059 813 1118 memoriam
840 1059 887 1117 aui
913 1063 1051 1132 perpetuo
1078 1061 1214 1118 recolen-

142 1152 210 1210 dam
242 1155 463 1213 commendaret
515 1159 651 1218 ceterum
683 1159 851 1218 modestiam
883 1160 966 1219 Pauli
996 1162 1027 1220 in
1057 1175 1094 1221 eo
1126 1162 1217 1221 faeiia

142 1256 317 1331 agnoveris,
336 1258 413 1330 quod
433 1261 463 1315 et
482 1273 634 1331 personam
654 1265 807 1333 usurparet
826 1263 953 1337 tertiam,
974 1265 1002 1320 et
1021 1279 1074 1335 pro
1094 1279 1213 1322 mason-

140 1361 203 1420 lino
224 1347 243 1416 ὅ.
267 1355 408 1433 κατέχων
428 1357 591 1435 [uodonem
611 1373 753 1434 personae
779 1371 808 1419 v.
830 1363 859 1420 7.
879 1363 1022 1422 dednitiue
1043 1366 1214 1440 enuntiante,

142 1464 200 1520 oir.
221 1465 403 1518 eommentar.
423 1461 459 1518 ad
482 1459 512 1518 n.
530 1462 578 1540 v.)
606 1468 746 1522 nommate
767 1463 796 1522 d.
817 1467 936 1538 poneret
955 1465 1049 1524 minua
1069 1466 1213 1524 unumtnm

142 1557 180 1622 ad
204 1555 359 1636 κατέχον,
382 1577 439 1620 non
465 1561 521 1620 eibi
540 1561 609 1637 ooli,
635 1579 795 1638 quanquam
821 1565 976 1638 praecipue
1002 1567 1132 1644 eideaoi,
1159 1565 1213 1625 aed

142 1665 229 1722 etiam
249 1663 315 1721 aliia
335 1661 501 1738 [Apostolia
525 1664 722 1742 pomonam)
748 1665 806 1726 hoo
830 1667 955 1726 amotum
974 1669 1037 1727 lieo
1063 1669 1212 1741 probatum
1259 1731 1267 1744 ,

139 1766 305 1840 rindioana,
323 1763 495 1837 impietatem
508 1766 566 1824 iam
583 1771 778 1842 emergentem
798 1768 957 1826 eouinendt.
997 1768 1121 1830 Paltio
1140 1783 1212 1828 veru

139 1867 320 1942 praeplaeuit
340 1865 386 1941 (p.
407 1865 498 1944 tot.)
521 1869 575 1926 sub
602 1865 840 1948 κατέχοντι,
866 1870 942 1942 qnod
969 1881 1087 1928 taum
1113 1871 1213 1930 attinet

140 1971 318 2045 prinoipem,
343 1981 382 2027 ex
407 1970 578 2044 quaomnia
596 1971 736 2048 pendent,
763 1983 829 2030 oum
857 1970 1087 2032 Theodoreto
1115 1972 1212 2044 expli-

142 2075 226 2128 cante
247 2059 324 2148 ὅρος
345 2070 401 2130 aori
422 2071 502 2130 deod
522 2074 704 2132 uoluntatem
724 2074 784 2132 Dei
810 2073 892 2150 (uui,
919 2077 1053 2147 quantum
1078 2075 1211 2146 equidem

139 2173 243 2248 video,
267 2187 369 2246 parum
388 2175 561 2232 conveniant
579 2177 646 2235 nbb.
672 2191 703 2234 v.
724 2173 755 2232 7.
780 2164 923 2254 μόνονό
954 2166 1098 2250 κατέχων
1129 2166 1210 2252 n'r'prt

140 2274 211 2340 ἕως
232 2270 277 2334 ἐκ
298 2269 422 2353 μέσου
442 2271 640 2356 γίνηται),
659 2277 735 2351 quod
756 2293 861 2336 naneae
880 2275 979 2335 attinet
998 2275 1117 2351 medina,
1136 2289 1209 2349 par·

138 2375 207 2451 dm,
237 2374 265 2434 ai
295 2389 399 2435 aeuum
431 2383 576 2451 apeotetur
608 2379 795 2453 apostolieum
807 2421 817 2456 ,
844 2381 1003 2456 troparium
1026 2379 1208 2454 Romanum,

140 2477 261 2551 partim,
289 2477 317 2535 ai
342 2478 380 2536 de
412 2480 514 2553 quonia
538 2483 656 2540 aaeoulo
681 2481 870 2558 eogitaveria,
899 2482 1099 2558 quodnamque
1122 2479 1210 2538 andei

136 2579 252 2651 priami
279 2581 424 2638 emnrnudi
449 2587 480 2640 et
502 2583 626 2642 donem
646 2585 810 2656 mrpiditute
829 2583 913 2644 dueta·
938 2597 1089 2658 opponere
1113 2582 1210 2640 autent

139 2681 228 2738 mulia
253 2683 387 2758 urtitrru,
414 2697 493 2756 quoe
518 2685 690 2758 reiiqtonem
714 2686 885 2744 monentem
914 2687 1074 2763 studeam,
1098 2681 1218 2772 intelli·-¹

139 2795 222 2856 gere.
264 2782 412 2858 Ambigua
431 2779 499 2842 inde
524 2785 618 2857 prodit
644 2790 674 2842 et
699 2784 845 2857 multiplex
872 2769 932 2846 rori
951 2781 1141 2860 κατέχοντος
1159 2783 1217 2870 iu·v

137 2883 312 2960 terpretatio,
331 2899 406 2957 quae
426 2886 595 2944 sententiam
607 2886 698 2959 ipsius
708 2887 841 2960 Apostoli
854 2901 920 2945 eum
938 2885 1209 2960 aeoummodatione,

138 3000 196 3058 qua
215 2983 290 3042 haeo
317 2987 457 3046 sententia
481 2985 519 3045 ad
546 2991 646 3046 nostra
670 2991 800 3061 tempora
825 2990 976 3048 manarent
1001 2985 1105 3062 puniit,
1132 3001 1208 3044 oon-

137 3085 262 3162 iungere
281 3075 442 3144 videaturf·
464 3088 510 3148 ne
530 3103 637 3166 canna,
656 3105 746 3164 quare
765 3091 803 3149 ad
822 3095 989 3162 puestaren
1009 3089 1122 3163 imperii
1140 3088 1208 3148 lto·

138 3188 216 3245 mani
234 3189 339 3246 reterri
358 3193 495 3265 nequeat,
519 3191 574 3250 etei
592 3193 745 3252 turmulam
766 3185 945 3266 ἅνθρωπος
964 3192 1023 3264 τῆς
1043 3181 1208 3268 ἁμαρτίας

137 3289 188 3346 vel
206 3292 293 3348 totam
314 3291 417 3348 velex
436 3295 518 3363 narra
537 3293 575 3350 de
600 3292 696 3352 indole
717 3294 860 3352 eeclesiae
879 3289 1207 3351 Romanu-Cathoiieae

39 3403 42 3412 ·
138 3395 169 3448 et
192 3391 377 3449 Pontiiiuatua
403 3392 525 3450 Romani
554 3397 708 3471 evangelio
734 3394 879 3453 contraria
904 3392 1093 3467 expiioueria,
1119 3407 1207 3464 supra

137 3491 271 3550 vidimus.
313 3495 409 3554 Aliam
435 3495 512 3552 viam
532 3495 595 3552 iniit
620 3497 660 3553 V.
681 3495 827 3554 nonne:
857 3495 1038 3554 commentar
1064 3495 1138 3552 iiber
1158 3493 1206 3550 die
1262 3475 1271 3491 '

137 3591 287 3651 Schriften
308 3595 361 3652 des
378 3593 543 3678 thannee,
563 3598 597 3654 Τ.
618 3599 672 3656 111.
693 3599 785 3672 Bona,
805 3591 898 3653 1825.
924 3611 953 3670 p.
974 3592 1046 3652 tta.
1067 3601 1128 3670 sqq.
1156 3595 1205 3652 uni

136 3698 166 3750 et
186 3694 410 3755 Anti-christos
435 3698 600 3775 Joanneua,
628 3703 658 3754 et
681 3697 766 3756 homo
792 3699 905 3771 pennati
923 3698 1060 3770 Paulique
1084 3699 1205 3774 prinoi-

135 3799 221 3870 pr'nm
240 3796 361 3855 innuere
380 3801 496 3860 videtur
516 3803 667 3875 oennqedo
695 3801 866 3878 mrum,
894 3802 976 3878 quod
994 3805 1088 3858 entra
1107 3799 1204 3857 erote·-

135 3900 212 3956 riam
234 3899 436 3958 mutationum
454 3907 602 3980 eeraetur,
624 3901 822 3978 paganismum
842 3899 1021 3964 cmuuanoa
1040 3915 1203 3972 persequu-

135 4003 230 4056 turnm
251 4005 281 4056 et
300 4001 338 4059 ad
358 4003 444 4060 iidem
465 4005 651 4062 daeerendam
672 4001 898 4062 sollieitaturum
937 4002 1090 4076 Attamen,
1116 4015 1202 4074 quum

135 4102 320 4175 paganismun
339 4099 425 4160 idolio
445 4105 574 4162 uolendia
594 4105 727 4163 addictus
746 4103 861 4162 minime
882 4103 941 4160 diui
960 4101 1085 4176 potnerit
1104 4093 1203 4182 inap-

136 4197 310 4276 urpo'urroe
330 4199 381 4264 iat
404 4199 514 4266 noim
535 4200 705 4286 λεγόμενον
725 4198 803 4268 θεὸν
823 4199 846 4278 οἳ
863 4201 1023 4286 σέβασμα,
1041 4203 1111 4262 nnio
1129 4218 1204 4262 aen.
