2724 4826
268 357 378 448 Epist.
400 355 428 425 1.
450 357 495 426 ud
518 355 694 428 Thessali
721 357 760 427 G.
773 303 834 432 ll.
853 357 898 432 V.
921 357 1091 432 15-18
1143 357 1220 430 lat

150 533 244 592 lorum
264 534 426 611 domirmm,
444 533 493 594 vel
514 533 636 615 πνεῦμα
658 522 757 617 ἅγιον
777 535 831 594 sub
851 529 995 617 α’ρχαγγ.
1021 523 1142 614 mangi
1161 550 1221 595 vo·

148 635 298 714 luerunt),
329 635 461 696 Christus
490 627 554 712 ipse
573 635 641 713 regi
659 636 859 714 triumphanti,
884 638 1033 712 imperium
1062 655 1146 698 suum
1166 637 1221 698 sibl

148 751 269 810 prorsus
288 737 455 814 vindieanii,
474 739 557 797 eidus
576 740 732 798 adventum
752 739 908 802 sollemnem
929 742 988 800 dux
1008 739 1136 816 mllltum,
1155 733 1218 816 eip-

144 835 325 915 χάγγελος,
350 847 381 900 et
400 857 472 899 aueo
491 855 550 900 ouo
565 847 598 900 et
618 843 691 900 tutu
712 843 880 900 eboricum
900 845 1074 903 cohortante
1101 843 1219 915 nuntiet,

145 939 201 998 uisi
220 940 357 998 malueris
378 935 471 1016 φωνὴ
486 935 625 1021 ἆρχαγγ.
640 945 668 999 et
682 936 835 1022 σάλπιγγι
850 942 930 1002 θεοῦ
943 946 981 1000 ad
1001 958 1097 1002 unum
1117 946 1216 1000 idem-

146 1057 206 1116 que
218 1045 337 1117 mum
356 1045 480 1122 reterre,
500 1042 530 1100 la
544 1057 570 1100 a.
591 1056 657 1100 eum
676 1058 753 1102 voce
769 1043 961 1102 exhortatoria
981 1049 1107 1103 mortuos
1125 1045 1218 1116 prod-

140 1141 187 1200 ire
221 1144 352 1220 iubente,
384 1161 471 1218 quam
497 1145 632 1216 princeps
663 1145 814 1220 geniorum
848 1145 1014 1203 ooalestlum
1043 1161 1096 1218 per
1121 1148 1218 1203 tubam

144 1245 200 1302 Ilei
220 1245 349 1304 editurus
370 1249 423 1320 est,
442 1245 645 1318 praeemrtibus
664 1244 737 1302 loeis
757 1247 867 1304 dlutlb.
879 1247 1004 1323 2431.
1026 1250 1054 1307 1.
1067 1249 1151 1308 cm.
1161 1249 1215 1323 16,

143 1347 199 1406 69.
242 1345 293 1402 Ad
312 1347 516 1419 perficiendam
535 1345 613 1404 haue
634 1345 808 1423 maiestatis,
827 1363 884 1420 qua
905 1346 1038 1407 Christus
1057 1349 1124 1407 olim
1144 1347 1215 1407 red-

141 1447 238 1507 iturus
263 1447 315 1523 sit,
341 1447 577 1523 descriptionem,
604 1451 633 1506 et
659 1445 795 1506 institutis
830 1452 859 1506 et
885 1449 1015 1508 turmulis
1038 1450 1216 1508 ludaeorum

146 1547 380 1625 pervenientem,
399 1551 496 1623 ntique
515 1549 690 1626 pertinebat,
709 1555 741 1608 ut
761 1551 829 1607 tuba
848 1545 1062 1629 (σάλπιγξ)
1086 1565 1215 1608 eamme-

144 1656 315 1710 uauraretur.
357 1651 487 1726 Etenim,
514 1666 601 1724 quum
622 1651 689 1708 tuba
708 1665 814 1708 sonans
834 1653 913 1723 apud
938 1652 1068 1710 ludaeos
1094 1652 1133 1708 ad
1157 1665 1215 1723 po-

143 1755 243 1827 pulum
269 1752 486 1810 eonvoeaudum
512 1757 541 1810 et
567 1753 685 1810 decreta
711 1752 920 1828 promulgante
947 1753 1076 1811 adhiberi
1101 1755 1216 1812 soleret,

142 1857 239 1916 Leve.
257 1857 313 1931 25,
332 1859 363 1912 9.
389 1857 531 1914 Νυπιοπ.
549 1855 604 1932 19,
621 1857 653 1911 2.
672 1855 729 1933 31,
750 1857 799 1932 6.,
829 1855 906 1912 unde
933 1855 1017 1912 etiam
1044 1853 1074 1911 in
1101 1855 1215 1927 seriptis

141 1955 347 2029 prophetarum
367 1957 452 2012 tubae
471 1954 577 2012 mentio
597 1957 692 2031 neu,
717 1955 766 2013 ubi
794 1956 831 2014 de
857 1954 1018 2014 bominibus
1044 1956 1138 2012 multis
1165 1955 1213 2012 hie

140 2058 200 2116 illio
229 2057 375 2128 dissipatis
405 2055 575 2132 aoffigenois
602 2071 698 2114 sermo
724 2061 786 2132 est,
811 2059 874 2115 Jea.
889 2061 949 2137 27,
964 2059 1017 2117 19.
1045 2060 1156 2118 Jerem.
1174 2057 1213 2135 4,

143 2161 221 2236 ne,
234 2159 264 2216 1.
291 2159 418 2236 loona,
433 2159 475 2236 1.,
501 2157 589 2216 iaeile
615 2161 702 2233 patet,
728 2174 818 2232 quare
844 2159 934 2216 oratio
960 2158 1213 2230 enthropopathiea

143 2261 298 2332 adipsum
318 2261 419 2334 ileum,
438 2275 492 2331 par
511 2260 640 2330 symbola
662 2263 855 2336 apparentem,
875 2261 958 2336 legas
977 2261 1213 2334 promidgantem,

143 2377 193 2420 res
213 2375 336 2436 magnas
355 2361 429 2418 inter
448 2361 577 2418 ludaeos
597 2360 802 2439 perficientem,
824 2377 907 2419 usum
927 2362 1011 2418 tubae
1031 2360 1214 2436 transtulerit,

141 2465 246 2523 meon
259 2464 378 2540 19,1e.
400 2464 451 2522 Pa.
462 2464 523 2540 47,
535 2463 566 2521 5.
587 2463 847 2541 Zooloar.9,14.,
865 2465 989 2537 itemque
1010 2463 1048 2520 ad
1069 2461 1212 2520 Chrisbm

141 2565 277 2624 mandata
296 2565 539 2640 promulgantem,
558 2563 778 2643 Apoe.1,10.,
797 2565 955 2640 geniosque
976 2564 1132 2639 coelestes,
1158 2565 1213 2621 llei

78 2647 80 2654 ¹
140 2667 288 2725 ministros
309 2670 338 2722 et
356 2680 526 2740 praecones,
544 2664 730 2744 Apoe.8,2.
744 2669 774 2724 6.
789 2668 887 2747 tae,
901 2667 958 2725 14.
1001 2667 1084 2723 Tube
1102 2664 1212 2740 ingenti

140 2771 171 2824 et
190 2765 322 2844 graviter
348 2771 467 2824 sonante
490 2767 659 2824 instructum
683 2768 784 2826 Deam
809 2767 876 2826 olim
900 2771 1027 2826 mortuos
1052 2767 1210 2824 suscitatu-

142 2883 209 2928 rum
229 2885 296 2926 esse
314 2866 420 2926 ludaei
439 2866 564 2926 seriores
585 2868 739 2945 docebant,
765 2871 820 2926 eir.
847 2867 1113 2943 llisenmenger
1140 2873 1209 2926 onl-

142 2973 261 3030 deelrtea
281 2971 469 3029 Jodencbooa
490 2971 524 3026 'll
538 2971 578 3028 Π.
598 2967 712 3042 poeta
760 2971 884 3028 Proinde
904 2969 934 3027 h.
953 2971 973 3027 l.
993 2969 1120 3028 Messias
1146 2971 1210 3028 aol-

139 3073 262 3130 lenniter
286 3070 430 3128 redituros
457 3071 514 3129 dle.
536 3085 603 3128 oum
623 3073 695 3129 tubo
715 3073 793 3148 Dei,
821 3074 841 3130 t.
864 3087 889 3132 e.
916 3087 995 3147 quoe
1013 3073 1074 3130 Dei
1094 3079 1157 3148 eat,
1183 3087 1208 3129 a.

142 3175 210 3232 Deo
229 3174 350 3231 moenie
369 3173 495 3230 sonabit.
544 3173 628 3229 llaeb
647 3172 723 3230 enim
742 3171 934 3243 interpretatio
961 3172 1032 3230 loeis
1058 3188 1094 3230 ex
1114 3174 1153 3228 V.
1175 3173 1209 3228 'n

141 3289 231 3347 supra
250 3274 375 3332 landate
395 3273 610 3330 accommodata
620 3313 629 3345 ,
649 3271 843 3348 simplicitate,
862 3273 972 3348 opinor,
991 3276 1118 3348 praestat
1137 3289 1209 3329 sen-

142 3374 248 3434 tentiae
274 3389 374 3432 eorum
402 3373 568 3450 (Woliii,
593 3375 764 3450 llansoni,
790 3372 1088 3448 Baumgartenii,
1113 3373 1206 3430 liol-

140 3477 246 3554 teni),
264 3474 314 3551 qui
333 3479 430 3534 tubam
449 3479 602 3548 propterea
623 3478 755 3534 deinum
774 3475 935 3548 praedicari
949 3475 1118 3550 existimant,
1134 3473 1211 3547 qnod

140 3583 293 3657 praeder,
319 3578 408 3654 longe
427 3577 540 3651 lateque
557 3583 760 3651 personatum
785 3575 838 3652 sit,
862 3574 882 3634 i.
903 3592 932 3650 q.
953 3569 1115 3654 σάλπιγγα
1137 3590 1209 3654 φω-

141 3679 201 3752 νῆς
221 3671 362 3759 μεγάλης
381 3681 491 3738 lliottla.
500 3677 562 3757 24,
572 3679 625 3735 31.
667 3677 733 3735 Nee
752 3692 871 3750 prorsus
889 3677 949 3735 bno
968 3677 1117 3752 pertinent,
1136 3691 1211 3750 quae

140 3781 274 3853 interprr.
293 3780 401 3838 laudati
422 3781 459 3839 de
479 3779 619 3838 eiusmodi
639 3777 729 3836 etatis
748 3783 917 3838 monuerunt
937 3777 1004 3854 (vd.
1024 3781 1133 3836 Storr
1153 3780 1209 3837 oo-

140 3897 237 3940 mua.
258 3883 301 3940 ad
319 3883 401 3939 anot.
424 3887 453 3940 et
473 3882 620 3959 apoduein
640 3879 723 3941 bobr.
741 3898 774 3954 p.
790 3882 865 3940 268.
878 3879 963 3957 ep),
984 3879 1033 3939 ubi
1052 3879 1101 3937 vel
1120 3876 1209 3953 geni-

141 3983 218 4042 tivus
243 3982 365 4042 nominis
391 3979 496 4067 marries
524 3998 549 4042 a.
577 3980 658 4071 iniria,
685 3983 843 4041 subiectum
869 3981 1015 4054 excipiens
1046 3979 1122 4037 bano
1147 3992 1209 4038 rem

142 4091 276 4158 unquam
296 4086 358 4143 ileo
378 4087 509 4158 gratam,
527 4059 675 4154 sareptam
696 4084 846 4158 describit,
873 4083 922 4140 vel
947 4083 1084 4142 tornulo:
1112 4095 1209 4139 eoram

143 4187 206 4244 lieo
226 4184 265 4262 (i.
277 4200 305 4262 q.
325 4183 422 4246 iudice
434 4185 515 4262 Deo)
534 4184 701 4260 praediuato
717 4183 840 4246 ¹subieoti
860 4184 957 4248 dola
975 4183 1100 4262 gmdum
1118 4195 1209 4260 praa-
