2724 4826
278 383 436 475 Epicur.
459 388 504 455 od
525 386 698 482 Thessali.
722 387 832 459 clv.
862 388 904 459 V.
927 387 964 460 7.
987 389 1022 459 8
1104 391 1180 468 113

152 553 220 624 τῶν
255 551 315 626 οὐκ
346 552 531 650 ἄνθρωπον
552 553 686 641 briarei,
714 556 798 628 diti
826 555 884 629 τὸν
921 562 1005 631 θεὸν
1034 559 1094 633 τὸν
1125 567 1183 634 καὶ

153 655 256 727 δόντα
279 655 316 727 τὸ
336 663 464 750 πνεῦμα
485 657 591 730 αὑτοῦ
611 659 649 730 τὸ
671 655 768 748 ἅγιον
790 657 835 742 εἰς
855 657 955 750 ὑμᾶς.

194 769 324 827 Minimo
344 773 423 828 enim
444 787 500 829 noa
519 771 604 828 Doroa
624 774 741 830 vocarit
760 770 798 827 ad
826 771 999 830 consortium
1024 769 1108 848 regni
1130 771 1191 856 di·-¹

111 867 171 925 vini
192 887 218 925 s.
245 871 283 927 ad
303 871 510 942 professionem
532 871 695 947 evangeli,
721 873 803 929 cuius
824 888 878 944 ope
898 873 982 949 regni
1002 871 1060 931 div.
1084 875 1180 946 parli-

111 967 193 1041 clpca
214 971 359 1030 reddimur
372 973 438 1048 (vd.
459 987 486 1029 c.
503 972 531 1031 2.
553 972 682 1050 ιι.12.),
702 974 760 1032 doc
781 976 843 1049 iope
862 991 887 1033 ι.
911 976 1077 1034 conditione
1099 973 1179 1054 [velt

109 1069 293 1152 propterea]
313 1079 348 1132 ut
368 1076 514 1132 immunda·
534 1089 675 1152 coremur,
697 1069 759 1134 lat
784 1091 826 1148 sq.
846 1075 943 1134 dativo
964 1068 1068 1135 duaa.
1088 1092 1180 1152 acque
1207 1057 1209 1064 ’
1251 1079 1252 1092 ’

111 1176 205 1244 potest
225 1175 262 1230 de
283 1175 443 1232 conditione
464 1174 600 1252 intelligi,
620 1177 728 1234 Hedrr.
742 1180 773 1252 9,
789 1179 840 1234 17.
862 1177 998 1252 Xenoph-
1020 1179 1130 1255 Oyrop.
1143 1179 1178 1258 8,

111 1275 144 1335 6.
163 1277 200 1332 4.
228 1279 313 1349 atquc
340 1277 376 1334 de
404 1277 538 1352 consilio,
569 1277 689 1354 orato,
711 1279 763 1335 13.
792 1279 890 1352 upra.
906 1278 1005 1355 2,10.
1040 1279 1176 1354 Xenoplt.

111 1373 209 1437 Anao.
224 1379 257 1454 5,
273 1382 304 1434 7.
316 1377 383 1450 34,
405 1382 506 1457 immo,
525 1377 649 1452 futuros
670 1375 720 1454 (ut
739 1378 885 1455 essemus)
907 1381 940 1436 in
959 1383 1041 1438 stulu
1060 1383 1177 1440 soncti-

110 1480 229 1537 oaorriue
242 1475 400 1552 (brevitcra
423 1483 464 1538 od
482 1479 723 1557 sanctimoniam).
755 1477 1178 1554 populosissimam

110 1579 258 1654 positionis
279 1575 294 1639 ἓ
300 1600 318 1638 ν
346 1580 422 1655 (non
442 1581 609 1654 simpliciter
630 1597 695 1638 cum
716 1577 758 1645 alc
778 1597 821 1654 sq.
842 1597 939 1639 accus.
958 1583 1177 1662 permutandae]

110 1680 188 1738 haud
209 1680 294 1738 dubie
315 1681 353 1738 ad
373 1682 532 1754 exemplum
552 1682 609 1738 loci
630 1681 765 1740 simillimi
792 1683 821 1745 1.
836 1684 920 1741 Corr.
935 1684 969 1760 7,
983 1679 1036 1742 16.
1064 1683 1108 1740 sio
1128 1683 1178 1742 ln-

110 1783 285 1858 lelligendus
305 1785 359 1857 est,
378 1787 410 1840 nt
430 1783 566 1843 καλεῖν
587 1783 673 1840 simul
693 1785 834 1842 notionem
845 1781 1031 1854 perveniendi
1050 1782 1087 1842 ad
1108 1800 1178 1842 sco-

111 1900 177 1958 pum
207 1885 383 1959 vocationis,
411 1887 439 1941 et
463 1885 649 1957 permanendi
671 1885 699 1942 in
722 1885 883 1943 conditione
904 1881 1015 1941 vocatis
1034 1884 1180 1956 proposito
1228 1957 1230 1965 y

113 1985 327 2058 complectatur.
375 1987 434 2042 Vd.
460 1987 587 2044 Winer
615 1985 801 2046 crasmarus
822 1989 877 2044 etc.
905 1982 1112 2057 11313331.
1134 1987 1178 2044 ed.

112 2087 163 2142 lIL
206 2085 259 2142 Ad
279 2087 445 2143 sortientium
465 2087 659 2145 illustrandam
680 2089 734 2144 cir.
755 2087 853 2160 Eplrlr.
869 2084 901 2164 1,
915 2085 951 2144 4.
992 2084 1088 2144 Nolim
1109 2102 1179 2146 vero

113 2185 218 2242 certius
247 2187 382 2264 definire,
408 2193 502 2246 ulrum
524 2177 731 2268 ἅγιασμός
753 2185 782 2244 h.
802 2187 821 2243 1.
849 2201 937 2244 sensu
956 2185 1115 2262 angustiori
1143 2185 1179 2245 de

114 2288 243 2343 castitate
264 2286 315 2361 (ut
334 2305 363 2344 r.
384 2287 414 2344 3.
435 2285 483 2366 d.)
505 2288 626 2363 dicotur,
645 2305 683 2344 an
702 2287 787 2349 latius
806 2289 917 2363 pateat;
939 2288 1077 2362 siquidem
1090 2285 1178 2360 Apo·

113 2389 217 2462 stolus,
238 2404 325 2460 quum
344 2388 373 2445 1ι.
393 2389 413 2446 1.
435 2391 543 2446 annuos
563 2390 702 2447 lectorum
722 2389 760 2446 ad
785 2389 870 2446 linem
895 2389 1063 2460 primarium
1089 2405 1178 2462 praa-
1253 2414 1256 2424 ¹

114 2488 264 2546 dicationis
292 2491 437 2566 evangelli
465 2495 659 2568 converteret,
684 2490 782 2564 utiquc
801 2506 961 2549 sermonem
981 2507 999 2546 a
1024 2489 1122 2564 specio
1142 2490 1180 2548 ad

113 2603 205 2665 genus
224 2591 383 2649 nanslerre
403 2591 501 2663 potuit
549 2595 595 2650 lix
623 2591 671 2648 hia
691 2607 777 2662 porro
799 2591 937 2668 colligere
961 2591 1039 2650 iubet
1057 2593 1181 2650 lectores

114 2705 141 2748 ι.
162 2691 192 2748 8.
220 2691 449 2770 Τοιγαροῦν
470 2681 488 2750 ὁ
514 2685 670 2752 ἀθετῶν
692 2695 747 2751 etc.
788 2691 1039 2768 Argumentationl
1059 2698 1180 2751 necten-

113 2791 166 2850 dae
185 2791 310 2849 inservit
329 2793 470 2864 particula
490 2791 568 2850 haud
588 2793 722 2850 inusitata
743 2795 983 2874 τοιγαροῦν,
1003 2795 1111 2856 fleon.
1129 2795 1182 2871 12,

115 2890 144 2952 1.
170 2883 310 2967 ΧὲιιορΙι.
332 2897 419 2952 cnud.
442 2896 471 2970 1,
485 2897 515 2952 9.
528 2899 558 2952 9.
581 2889 755 2968 ἀθετεῖν,
775 2896 932 2972 abmgme,
962 2875 1066 2952 vanum
1086 2898 1116 2953 et
1134 2895 1180 2953 ir-

111 2997 195 3052 ritum
217 2996 382 3052 existimare
403 2997 431 3051 et
451 2995 613 3070 declarare,
640 3011 670 3052 v.
692 3007 718 3050 c.
737 2996 853 3074 foedus,
873 2995 1059 3073 promissum,
1076 2994 1182 3074 legem,

114 3085 294 3172 mandalum,
313 3096 389 3152 uode
410 3095 493 3152 etiam
514 3097 532 3152 i.
554 3115 579 3172 q.
602 3097 727 3172 violare,
751 3113 806 3153 non
827 3097 1180 3176 serracenorum.

114 3196 279 3276 Minati,
296 3197 349 3255 12.
369 3197 468 3272 Polyb.
483 3199 536 3274 11,
550 3201 603 3257 27.
625 3196 692 3275 al),
710 3197 766 3255 hoc
785 3197 858 3273 loco,
877 3201 1058 3271 sequentibus
1080 3198 1182 3256 deinde

114 3302 253 3356 nonsatt.
280 3313 420 3369 personae
448 3291 672 3379 ἄνθρωπον
698 3303 726 3356 et
754 3290 862 3370 θεὸν,
889 3299 968 3356 haud
995 3299 1079 3357 dubie
1106 3300 1183 3356 valet

113 3407 322 3479 condemnere,
344 3415 501 3478 apernere,
522 3402 599 3460 Luc.
621 3416 664 3458 co.
679 3405 713 3479 ⁷,
728 3400 780 3458 30.
812 3399 879 3459 ctat.
891 3402 925 3477 2,
939 3401 992 3458 21.
1014 3401 1115 3458 Jodoe
1135 3415 1181 3474 ep.

114 3499 300 3560 ιι.8.1ιΧΧ.
323 3503 350 3558 1.
366 3501 497 3559 Samuel.
513 3502 612 3580 2,17.
629 3483 742 3590 (pap).
784 3501 834 3558 Ad
853 3501 1020 3559 sententiam
1039 3502 1182 3578 integram

113 3601 184 3658 nihil
204 3603 333 3678 interest,
353 3601 522 3678 siverim,
543 3619 626 3677 quam
648 3601 752 3658 Paulus
772 3603 856 3658 modo
877 3601 1103 3686 praedicaverat,
1125 3617 1183 3660 ro-

115 3703 256 3761 calionem
285 3705 425 3762 obiectum
452 3705 596 3762 existimes
621 3703 764 3776 participii
794 3695 928 3761 ἀθετῶ
939 3722 972 3776 ν,
998 3704 1078 3778 aive,
1108 3703 1184 3776 quod

114 3805 227 3881 malim,
252 3810 406 3878 praecepta
434 3808 470 3863 de
492 3795 646 3884 ἁγιασμῷ
675 3823 703 3862 v.
724 3804 830 3860 3-«6.
857 3805 1015 3877 enuntiata,
1042 3803 1184 3860 coniunc-

112 3907 224 3964 tissima
247 3907 352 3981 quippe
374 3905 516 3963 vocationi
536 3921 588 3978 per
609 3905 789 3981 evangelium
812 3906 937 3963 oblatae:
958 3905 1010 3978 oui
1031 3903 1122 3978 tepora
1142 3905 1184 3960 tt-

113 4009 176 4065 loro
198 3997 417 4088 ἅγιασμοῦ
448 4012 607 4066 conternati
633 4008 782 4084 [violanda
807 4005 891 4081 lege,
917 4008 1001 4076 quam
1022 4003 1101 4060 nihili
1122 4020 1184 4060 eam

112 4109 234 4183 habeat,
254 4109 437 4186 profitetur),
463 4125 525 4167 non
546 4111 693 4168 tronrtrrero
713 4111 846 4185 apernit,
878 4122 939 4180 me,
967 4105 1090 4162 aliumve
1111 4120 1185 4176 apo-

113 4211 218 4268 stolmn
240 4213 290 4268 aut
310 4211 456 4270 doctorem
477 4211 631 4290 evangelii,
650 4199 717 4268 talia
738 4207 959 4282 praecipientem
981 4208 1009 4264 et
1029 4203 1185 4261 cohortan-

898 4299 967 4368 811
