2724 4826
1084 189 1104 220 .,

167 425 243 496 130
287 423 396 512 Epist.
418 417 445 484 l.
468 415 511 481 uel
533 401 708 477 Thessull.
732 396 844 468 dlv.
867 394 909 464 V.
936 383 1108 460 lli-18.

163 603 278 678 tionem,
303 611 419 656 oensem
439 586 636 649 desideramus
653 579 801 651 idoneam,
826 585 916 648 quere
933 565 1041 629 Peulus
1065 560 1145 622 home
1164 559 1231 620 slm-

164 705 295 782 gulerem
322 695 436 758 dioeudi
462 689 577 748 modum
605 685 654 760 (iu
679 680 737 740 hoo
763 676 898 760 orationis
922 671 1000 732 serie
1026 665 1234 737 obscuriorem,

165 807 328 879 ambiguum
357 795 453 872 uerte)
481 785 672 862 usurpaverit
723 781 780 849 Qui
804 777 854 837 vel
872 774 1065 849 posteritatem
1087 766 1234 826 unusua-

164 921 267 968 uorum
285 903 361 960 iltius
387 896 453 955 eerl
478 890 655 966 intelligunt,
679 884 728 943 rel
753 895 869 941 sensum
894 876 979 936 lulius
1004 875 1104 948 petere
1124 869 1235 940 dieunt,

165 1011 239 1069 bene
260 1005 372 1080 quidem
393 997 555 1069 observent,
573 988 739 1062 pronomine
758 979 921 1058 personalia
939 991 1080 1050 personae
1099 973 1124 1030 I.
1144 975 1174 1030 et
1192 971 1234 1028 E

166 1109 244 1166 bend
269 1119 336 1163 nero
363 1114 460 1160 omnes
489 1092 653 1167 complesti,
678 1087 727 1163 qrti
753 1086 790 1143 ed
810 1082 944 1157 populum
966 1076 1107 1152 quendem
1127 1091 1151 1131 s.
1178 1087 1235 1130 so-

167 1211 297 1269 eietetem
324 1203 496 1277 pertineant,
527 1200 685 1267 temporum
710 1183 984 1253 diversissimorum,
1010 1179 1109 1236 Mure.
1129 1177 1185 1253 10,
1203 1175 1236 1232 8.

168 1313 219 1372 Jo.
240 1314 275 1388 7,
296 1309 346 1366 19.
366 1307 421 1362 22.
448 1300 527 1361 Aett.
542 1301 577 1376 7,
591 1297 653 1370 38,
672 1291 758 1349 immo
783 1285 924 1344 interdum
945 1281 994 1339 vel
1018 1279 1141 1338 maiores
1167 1279 1236 1332 tsn-

169 1419 244 1487 tum,
264 1409 311 1468 vel
330 1409 460 1479 posteros
481 1415 595 1471 eorum,
622 1409 693 1468 quos
714 1394 809 1450 erutor
834 1403 858 1445 s.
877 1369 1004 1455 ¹scriptur
1023 1377 1158 1453 sequeles
1177 1377 1236 1434 he-

170 1516 251 1588 treet,
270 1507 400 1582 intelligi,
418 1507 469 1564 Jo.
485 1506 519 1580 6,
531 1504 584 1560 32.
613 1490 970 1568 Deuteren.eo,1.sqq.
1013 1483 1073 1540 Sed
1093 1483 1151 1538 slis
1171 1495 1238 1538 esse

172 1615 286 1674 ridetur
310 1607 396 1665 huius
424 1605 497 1663 ettsti
524 1599 636 1660 Paulini
663 1595 788 1667 indoles,
814 1592 870 1647 ulie
895 1589 1023 1646 looornm
1049 1585 1238 1657 onustorum,

174 1731 259 1791 quum
280 1708 436 1782 Apostolus
455 1704 526 1762 illud
545 1693 655 1779 ἡμεῖς
683 1695 776 1772 [quod
796 1707 903 1765 perse
923 1691 1079 1761 speototum
1101 1701 1137 1743 ex
1158 1699 1239 1742 more

173 1814 317 1876 seribendi
337 1808 494 1883 spostolieo
512 1805 610 1876 utique
635 1799 765 1858 homiues
787 1795 901 1854 Christo
920 1791 1050 1848 oddietos
1075 1785 1239 1863 significet]
1284 1762 1288 1769 ’

175 1923 205 1978 et
223 1919 253 1974 ln.
272 1917 292 1972 l.
314 1917 343 1972 et
367 1927 397 1968 v.
418 1907 469 1966 1¹7.
488 1905 585 1963 verbis
611 1897 648 1962 oi
676 1899 815 1970 ζῶντες
842 1889 877 1953 oi
898 1893 1018 1970 repul.
1046 1891 1087 1946 its
1109 1903 1239 1945 euomu-

175 2021 233 2078 tlns
253 2015 402 2088 definierit,
421 2015 453 2068 ut
471 2023 554 2067 nemo
572 2004 661 2061 luoile
681 2015 790 2076 negare
810 1999 909 2072 possit,
929 1996 1061 2074 l'sulum,
1083 1997 1146 2055 retr
1169 2012 1241 2053 soe-

55 2127 58 2142 ¹
180 2121 311 2201 μηθεῖσι
332 2114 379 2190 (v.
400 2109 468 2188 ll.)
490 2111 544 2167 ltus
564 2107 764 2178 opponentem,
792 2105 829 2160 de
851 2099 1027 2160 Christianis
1051 2113 1126 2155 sorae
1151 2093 1241 2154 uelu-

181 2225 219 2282 tle
239 2220 333 2277 sdlrue
354 2229 420 2271 euru
438 2214 501 2283 ipso
521 2207 684 2267 virentibus
704 2205 856 2280 cogitasse.
897 2201 1032 2258 Neoulls
1050 2205 1168 2272 oppsret
1180 2199 1240 2255 hu-

180 2327 226 2383 ius
253 2314 490 2392 interpretationis
522 2310 684 2368 difficultas.
736 2307 804 2378 lpse
830 2303 903 2361 euim
932 2305 1069 2360 Servetur
1098 2315 1241 2374 uunquam

183 2421 298 2497 definiit,
318 2434 372 2494 quo
391 2422 519 2487 tempore
540 2411 637 2486 [ocius
657 2405 805 2482 seriusve)
823 2406 967 2462 rediturus
988 2407 1073 2479 esset,
1093 2403 1146 2460 etsi
1166 2417 1243 2460 non-

183 2525 261 2583 nulle
280 2523 344 2579 eius
364 2519 446 2576 erem
467 2515 504 2571 de
524 2507 682 2589 παρουσίᾳ
702 2509 780 2567 houd
798 2507 839 2564 its
858 2505 959 2578 prouul
978 2509 1087 2563 remote
1107 2505 1246 2578 expliesri

182 2625 344 2710 potuerint.
388 2619 449 2674 Cir.
476 2613 693 2671 commentarius
722 2625 803 2666 meus
828 2609 1190 2684 exegetieo-dogrnetious
1214 2605 1244 2663 in

182 2743 235 2786 eos
255 2725 328 2782 Jesu
349 2717 456 2778 Christi
475 2727 636 2787 sermones,
658 2713 705 2785 qul
726 2713 762 2769 de
781 2713 874 2768 reditu
895 2711 958 2768 elus
978 2711 1016 2766 sd
1035 2711 1170 2766 iudicium
1192 2711 1245 2764 lu-

183 2834 247 2887 turo
268 2827 297 2881 et
315 2817 460 2879 iudiesudl
479 2811 703 2888 provincioipsl
723 2812 890 2869 demeudste
910 2812 1008 2888 egeret,
1028 2811 1129 2885 Jeuee,
1149 2809 1243 2872 1820.

184 2947 214 3002 p.
234 2925 306 2984 mo.
319 2931 380 2996 sqq.
401 2917 472 2976 179.
492 2933 535 2988 eq.
555 2911 627 2970 1ss.
639 2911 763 2988 stum.
785 2911 856 2970 ese.
873 2911 944 2970 ure.
962 2899 1060 2969 mu·
1082 2913 1163 2972 mino
1182 2913 1246 2989 igl-

186 3035 232 3087 tur
264 3022 434 3096 impediebat
458 3017 642 3092 Apostolum,
673 3029 727 3088 quo
754 3015 846 3072 miuus
873 3029 938 3073 oum
970 3015 1115 3090 plerisque
1143 3001 1251 3074 Christi

187 3129 342 3188 cultoribus
385 3121 507 3182 reditum
538 3115 645 3178 Christi
685 3131 837 3192 rerumque
873 3117 995 3174 omnium
1029 3117 1250 3176 immutationem

187 3232 333 3306 lugentem
352 3229 410 3282 tuor
430 3225 555 3280 futurum
575 3233 749 3294 magnopere
769 3219 994 3274 desiderantibus
1021 3223 1170 3294 statueret,
1193 3217 1249 3292 fa-

190 3335 245 3392 oile
262 3329 329 3403 fiere?
347 3339 444 3400 porse,
463 3326 495 3379 ut
515 3315 676 3400 reponetur
696 3319 809 3378 llomiul
828 3311 903 3377 moer
923 3319 1044 3392 eveniet,
1062 3321 1092 3377 iu
1113 3322 1174 3378 vito
1194 3323 1251 3378 sd-

91 3447 97 3456 ·
188 3433 247 3490 lrue
266 3429 418 3502 superstite
444 3424 539 3496 ulique
565 3425 646 3518 purte
664 3419 808 3477 homiuum
829 3426 887 3478 tum
908 3421 1073 3478 viventium.
1116 3421 1167 3478 Sie
1189 3429 1253 3480 sto-

189 3535 280 3593 tuisse
299 3529 418 3586 Persium
438 3541 476 3582 ex
497 3540 523 3580 e.
538 3522 567 3580 5.
593 3540 622 3579 v.
639 3519 670 3580 4.
690 3521 859 3580 videbimus.
905 3521 1009 3595 Neque
1032 3523 1078 3581 his
1106 3525 1254 3583 contradi-
1317 3553 1320 3557 -

193 3639 260 3692 eunt
280 3633 362 3689 eliste
382 3643 469 3698 supro
494 3625 589 3682 leudd.
616 3626 663 3684 Π.
677 3625 763 3684 Gerr.
779 3627 818 3701 4,
834 3622 889 3682 14.
904 3627 937 3703 5,
952 3625 981 3682 1.
1008 3627 1036 3684 Ι.
1052 3623 1253 3704 Cotr.6,1-l.

36 3745 42 3754 ·
126 3767 127 3770 =
194 3731 343 3795 dummodo
364 3727 611 3800 perpenderimus,
638 3726 765 3784 uoluisse
784 3707 906 3799 umquem
927 3727 1097 3798 Apostolum
1118 3727 1155 3783 de
1175 3733 1254 3785 teut-

194 3852 268 3911 μονα
299 3831 407 3890 reditus
434 3829 540 3886 Christi
570 3829 734 3884 senteutiam
768 3835 879 3886 certam
903 3829 1101 3903 pronuntiare,
1127 3827 1256 3900 locisque

194 3937 289 3997 leudd.
308 3943 462 4004 pronomen
482 3929 555 4000 plur.
576 3918 690 4006 ἡμᾶς,
710 3930 785 4001 quod
804 3939 858 4001 per
877 3947 911 3987 se
931 3933 1088 4002 spectatum
1111 3927 1257 3987 Christis-

195 4054 249 4098 uos
267 4035 404 4093 universe
422 4031 533 4106 innuet,
558 4031 596 4086 de
622 4030 722 4087 melori
741 4033 847 4086 tontum
868 4035 948 4104 parte
967 4032 1091 4104 positum
1111 4047 1193 4106 esse,
1221 4031 1258 4088 de

195 4141 232 4200 iis
258 4137 402 4210 omnibus,
428 4131 477 4206 qut
500 4131 563 4206 vel,
589 4132 752 4204 priusquam
774 4133 878 4187 Paulus
905 4132 979 4190 heeo
1004 4133 1157 4208 scriberet,
1183 4132 1259 4190 diem

199 4240 349 4310 obiissent,
374 4235 422 4292 rel
440 4249 527 4307 porro
546 4233 673 4292 morituri
694 4237 790 4292 essem
810 4239 875 4292 unte
896 4233 1082 4312 παρουσίαν.
1104 4213 1189 4292 ἼΝοα
1209 4233 1258 4290 vi-
