<?xml version="1.0" encoding="UTF-8"?>
<!DOCTYPE html PUBLIC "-//W3C//DTD XHTML 1.0 Transitional//EN"
    "http://www.w3.org/TR/xhtml1/DTD/xhtml1-transitional.dtd">
<html xmlns="http://www.w3.org/1999/xhtml" xml:lang="en" lang="en">
 <head>
  <title>
</title>
<meta http-equiv="Content-Type" content="text/html;charset=utf-8" />
  <meta name='ocr-system' content='tesseract 3.04.00' />
  <meta name='ocr-capabilities' content='ocr_page ocr_carea ocr_par ocr_line ocrx_word'/>
</head>
<body>
  <div class='ocr_page' id='page_1' title='image "./epistolaepaulia01schogoog_0068.png"; bbox 0 0 2740 4828; ppageno 0'>
   <div class='ocr_carea' id='block_1_1' title="bbox 309 400 1207 503">
    <p class='ocr_par' dir='ltr' id='par_1_1' title="bbox 309 400 1207 503">
     <span class='ocr_line' id='line_1_1' title="bbox 309 400 1207 503; baseline -0.002 -17"><span class='ocrx_word' id='word_1_1' title='bbox 309 413 420 503; x_wconf 85' lang='lat' dir='ltr'><strong>Epist.</strong></span> <span class='ocrx_word' id='word_1_2' title='bbox 434 413 462 481; x_wconf 91' lang='grc'><strong><em>1.</em></strong></span> <span class='ocrx_word' id='word_1_3' title='bbox 485 414 530 482; x_wconf 86' lang='lat' dir='ltr'><strong>ad</strong></span> <span class='ocrx_word' id='word_1_4' title='bbox 551 411 726 499; x_wconf 79' lang='lat' dir='ltr'><strong>Thessoli.</strong></span> <span class='ocrx_word' id='word_1_5' title='bbox 755 412 794 482; x_wconf 84' lang='lat'><strong>0.</strong></span> <span class='ocrx_word' id='word_1_6' title='bbox 816 411 845 482; x_wconf 89' lang='lat' dir='ltr'><strong>l.</strong></span> <span class='ocrx_word' id='word_1_7' title='bbox 873 400 917 484; x_wconf 80' lang='lat' dir='ltr'><strong>V.</strong></span> <span class='ocrx_word' id='word_1_8' title='bbox 938 412 977 484; x_wconf 79' lang='lat' dir='ltr'><strong>d.</strong></span> <span class='ocrx_word' id='word_1_9' title='bbox 1000 409 1039 482; x_wconf 83' lang='grc'><strong>7.</strong></span> <span class='ocrx_word' id='word_1_10' title='bbox 1158 411 1207 484; x_wconf 77' lang='lat' dir='ltr'><strong>ti</strong></span> 
     </span>
    </p>
   </div>
   <div class='ocr_carea' id='block_1_2' title="bbox 115 583 1303 4024">
    <p class='ocr_par' dir='ltr' id='par_1_2' title="bbox 115 583 1303 2984">
     <span class='ocr_line' id='line_1_2' title="bbox 136 583 1213 668; baseline 0 -18"><span class='ocrx_word' id='word_1_11' title='bbox 136 587 318 666; x_wconf 68' lang='lat' dir='ltr'><strong>Thessaliae,</strong></span> <span class='ocrx_word' id='word_1_12' title='bbox 337 589 431 665; x_wconf 80' lang='lat' dir='ltr'><strong>Epiri,</strong></span> <span class='ocrx_word' id='word_1_13' title='bbox 450 587 561 662; x_wconf 81' lang='lat' dir='ltr'><strong>Illyrici</strong></span> <span class='ocrx_word' id='word_1_14' title='bbox 582 586 838 666; x_wconf 70' lang='lat' dir='ltr'><strong>complecteretur,</strong></span> <span class='ocrx_word' id='word_1_15' title='bbox 858 583 983 668; x_wconf 76' lang='grc' dir='ltr'><strong><em>Ἀχαΐα</em></strong></span> <span class='ocrx_word' id='word_1_16' title='bbox 1005 603 1077 648; x_wconf 84' lang='lat' dir='ltr'><strong>vero</strong></span> <span class='ocrx_word' id='word_1_17' title='bbox 1098 593 1213 662; x_wconf 82' lang='lat' dir='ltr'><strong>praeter</strong></span> 
     </span>
     <span class='ocr_line' id='line_1_3' title="bbox 135 689 1213 768; baseline -0.003 -17"><span class='ocrx_word' id='word_1_18' title='bbox 135 693 199 750; x_wconf 85' lang='lat' dir='ltr'><strong>earn</strong></span> <span class='ocrx_word' id='word_1_19' title='bbox 220 690 413 762; x_wconf 79' lang='lat' dir='ltr'><strong>Peloponnesi</strong></span> <span class='ocrx_word' id='word_1_20' title='bbox 430 695 556 767; x_wconf 87' lang='lat' dir='ltr'><strong>partem,</strong></span> <span class='ocrx_word' id='word_1_21' title='bbox 583 690 666 747; x_wconf 87' lang='lat' dir='ltr'><strong>cuius</strong></span> <span class='ocrx_word' id='word_1_22' title='bbox 693 690 762 746; x_wconf 88' lang='lat' dir='ltr'><strong>urbs</strong></span> <span class='ocrx_word' id='word_1_23' title='bbox 789 689 927 762; x_wconf 79' lang='lat' dir='ltr'><strong>primarie</strong></span> <span class='ocrx_word' id='word_1_24' title='bbox 952 693 1029 749; x_wconf 86' lang='lat' dir='ltr'><strong>esset</strong></span> <span class='ocrx_word' id='word_1_25' title='bbox 1050 689 1213 768; x_wconf 82' lang='lat' dir='ltr'><strong>corinthus,</strong></span> 
     </span>
     <span class='ocr_line' id='line_1_4' title="bbox 135 774 1212 866; baseline -0.001 -16"><span class='ocrx_word' id='word_1_26' title='bbox 135 793 222 851; x_wconf 78' lang='lat' dir='ltr'><strong>edam</strong></span> <span class='ocrx_word' id='word_1_27' title='bbox 245 793 471 863; x_wconf 69' lang='lat' dir='ltr'><strong>Peloponnesum</strong></span> <span class='ocrx_word' id='word_1_28' title='bbox 491 791 628 848; x_wconf 80' lang='lat' dir='ltr'><strong>universe</strong></span> <span class='ocrx_word' id='word_1_29' title='bbox 653 793 684 848; x_wconf 91' lang='lat' dir='ltr'><strong>et</strong></span> <span class='ocrx_word' id='word_1_30' title='bbox 705 789 858 849; x_wconf 73' lang='lat' dir='ltr'><strong>Graeclam</strong></span> <span class='ocrx_word' id='word_1_31' title='bbox 878 791 995 866; x_wconf 82' lang='lat' dir='ltr'><strong>proprie</strong></span> <span class='ocrx_word' id='word_1_32' title='bbox 1015 791 1060 850; x_wconf 86' lang='lat' dir='ltr'><strong>sic</strong></span> <span class='ocrx_word' id='word_1_33' title='bbox 1081 774 1212 865; x_wconf 62' lang='lat' dir='ltr'><strong>appelli-</strong></span> 
     </span>
     <span class='ocr_line' id='line_1_5' title="bbox 134 891 1213 972; baseline 0.001 -21"><span class='ocrx_word' id='word_1_34' title='bbox 134 899 193 952; x_wconf 85' lang='lat' dir='ltr'><strong>tam</strong></span> <span class='ocrx_word' id='word_1_35' title='bbox 214 895 254 950; x_wconf 92' lang='lat' dir='ltr'><strong>ad</strong></span> <span class='ocrx_word' id='word_1_36' title='bbox 276 891 454 951; x_wconf 71' lang='lat' dir='ltr'><strong>Thessaliam</strong></span> <span class='ocrx_word' id='word_1_37' title='bbox 473 906 565 966; x_wconf 78' lang='lat' dir='ltr'><strong>usqne</strong></span> <span class='ocrx_word' id='word_1_38' title='bbox 584 891 739 968; x_wconf 87' lang='lat' dir='ltr'><strong>indicaret,</strong></span> <span class='ocrx_word' id='word_1_39' title='bbox 765 891 846 952; x_wconf 82' lang='lat' dir='ltr'><strong>Anti.</strong></span> <span class='ocrx_word' id='word_1_40' title='bbox 868 893 923 972; x_wconf 78' lang='grc'><strong><em>19,</em></strong></span> <span class='ocrx_word' id='word_1_41' title='bbox 942 892 997 952; x_wconf 71' lang='lat'><strong>21.</strong></span> <span class='ocrx_word' id='word_1_42' title='bbox 1025 894 1142 952; x_wconf 79' lang='grc' dir='ltr'><strong>11οττιοτ.</strong></span> <span class='ocrx_word' id='word_1_43' title='bbox 1158 893 1213 972; x_wconf 74' lang='grc'><strong><em>15,</em></strong></span> 
     </span>
     <span class='ocr_line' id='line_1_6' title="bbox 134 992 1214 1074; baseline -0.004 -18"><span class='ocrx_word' id='word_1_44' title='bbox 134 997 189 1056; x_wconf 74' lang='lat'><strong>20.</strong></span> <span class='ocrx_word' id='word_1_45' title='bbox 212 995 260 1055; x_wconf 81' lang='lat'><strong>11.</strong></span> <span class='ocrx_word' id='word_1_46' title='bbox 278 993 431 1053; x_wconf 66' lang='lat' dir='ltr'><strong>Gnostici.</strong></span> <span class='ocrx_word' id='word_1_47' title='bbox 449 993 504 1074; x_wconf 86' lang='lat'><strong>11,</strong></span> <span class='ocrx_word' id='word_1_48' title='bbox 519 996 571 1053; x_wconf 87' lang='lat'><strong>10.</strong></span> <span class='ocrx_word' id='word_1_49' title='bbox 614 995 675 1051; x_wconf 85' lang='lat' dir='ltr'><strong>Sub</strong></span> <span class='ocrx_word' id='word_1_50' title='bbox 695 993 793 1052; x_wconf 88' lang='lat' dir='ltr'><strong>iudice</strong></span> <span class='ocrx_word' id='word_1_51' title='bbox 811 993 848 1051; x_wconf 89' lang='lat' dir='ltr'><strong>lis</strong></span> <span class='ocrx_word' id='word_1_52' title='bbox 868 995 928 1070; x_wconf 82' lang='lat' dir='ltr'><strong>est,</strong></span> <span class='ocrx_word' id='word_1_53' title='bbox 952 992 1113 1052; x_wconf 80' lang='lat' dir='ltr'><strong>volueritne</strong></span> <span class='ocrx_word' id='word_1_54' title='bbox 1131 995 1214 1054; x_wconf 84' lang='lat' dir='ltr'><strong>Pau-</strong></span> 
     </span>
     <span class='ocr_line' id='line_1_7' title="bbox 133 1093 1214 1171; baseline 0.001 -16"><span class='ocrx_word' id='word_1_55' title='bbox 133 1099 180 1156; x_wconf 87' lang='lat' dir='ltr'><strong>lus</strong></span> <span class='ocrx_word' id='word_1_56' title='bbox 199 1095 230 1153; x_wconf 89' lang='lat' dir='ltr'><strong>h.</strong></span> <span class='ocrx_word' id='word_1_57' title='bbox 249 1095 270 1152; x_wconf 93' lang='lat' dir='ltr'><strong>l.</strong></span> <span class='ocrx_word' id='word_1_58' title='bbox 292 1101 443 1169; x_wconf 82' lang='lat' dir='ltr'><strong>utrumque</strong></span> <span class='ocrx_word' id='word_1_59' title='bbox 464 1109 553 1152; x_wconf 86' lang='lat' dir='ltr'><strong>sensu</strong></span> <span class='ocrx_word' id='word_1_60' title='bbox 572 1093 751 1170; x_wconf 65' lang='grc' dir='ltr'><strong><em>οσςυείίοτί,</em></strong></span> <span class='ocrx_word' id='word_1_61' title='bbox 780 1109 818 1152; x_wconf 91' lang='lat' dir='ltr'><strong>an</strong></span> <span class='ocrx_word' id='word_1_62' title='bbox 838 1093 932 1153; x_wconf 89' lang='lat' dir='ltr'><strong>latiori</strong></span> <span class='ocrx_word' id='word_1_63' title='bbox 952 1095 1086 1171; x_wconf 76' lang='lat' dir='ltr'><strong>intedigt</strong></span> <span class='ocrx_word' id='word_1_64' title='bbox 1128 1099 1214 1158; x_wconf 87' lang='grc' dir='ltr'><strong>Πι-</strong></span> 
     </span>
     <span class='ocr_line' id='line_1_8' title="bbox 135 1184 1212 1276; baseline -0.004 -18"><span class='ocrx_word' id='word_1_65' title='bbox 135 1184 357 1274; x_wconf 71' lang='lat' dir='ltr'><strong>audoynus</strong></span> <span class='ocrx_word' id='word_1_66' title='bbox 377 1209 584 1268; x_wconf 75' lang='lat' dir='ltr'><strong>saepenumero</strong></span> <span class='ocrx_word' id='word_1_67' title='bbox 596 1195 729 1253; x_wconf 90' lang='lat' dir='ltr'><strong>dicuntur</strong></span> <span class='ocrx_word' id='word_1_68' title='bbox 744 1193 859 1254; x_wconf 85' lang='lat' dir='ltr'><strong>Christo</strong></span> <span class='ocrx_word' id='word_1_69' title='bbox 876 1195 995 1273; x_wconf 87' lang='lat' dir='ltr'><strong>addicti,</strong></span> <span class='ocrx_word' id='word_1_70' title='bbox 1015 1195 1095 1256; x_wconf 78' lang='lat' dir='ltr'><strong>Acti.</strong></span> <span class='ocrx_word' id='word_1_71' title='bbox 1108 1199 1142 1276; x_wconf 62' lang='grc' dir='ltr'><strong>Β,</strong></span> <span class='ocrx_word' id='word_1_72' title='bbox 1150 1199 1212 1257; x_wconf 84' lang='grc'><strong>44.</strong></span> 
     </span>
     <span class='ocr_line' id='line_1_9' title="bbox 133 1293 1215 1376; baseline -0.003 -19"><span class='ocrx_word' id='word_1_73' title='bbox 133 1293 262 1374; x_wconf 75' lang='grc' dir='ltr'><strong><em>Εγίίιττε.</em></strong></span> <span class='ocrx_word' id='word_1_74' title='bbox 278 1298 309 1376; x_wconf 92' lang='grc'><strong><em>1,</em></strong></span> <span class='ocrx_word' id='word_1_75' title='bbox 326 1297 376 1356; x_wconf 76' lang='lat'><strong>19.</strong></span> <span class='ocrx_word' id='word_1_76' title='bbox 429 1298 489 1354; x_wconf 77' lang='lat' dir='ltr'><strong>Sed</strong></span> <span class='ocrx_word' id='word_1_77' title='bbox 515 1295 545 1354; x_wconf 89' lang='lat' dir='ltr'><strong>h.</strong></span> <span class='ocrx_word' id='word_1_78' title='bbox 572 1295 591 1354; x_wconf 83' lang='lat' dir='ltr'><strong>i</strong></span> <span class='ocrx_word' id='word_1_79' title='bbox 620 1293 781 1368; x_wconf 73' lang='lat' dir='ltr'><strong>emphatice</strong></span> <span class='ocrx_word' id='word_1_80' title='bbox 808 1295 955 1375; x_wconf 87' lang='lat' dir='ltr'><strong>adhiberi,</strong></span> <span class='ocrx_word' id='word_1_81' title='bbox 983 1313 1040 1372; x_wconf 87' lang='lat' dir='ltr'><strong>quo</strong></span> <span class='ocrx_word' id='word_1_82' title='bbox 1068 1295 1215 1376; x_wconf 74' lang='lat' dir='ltr'><strong>doceatur,</strong></span> 
     </span>
     <span class='ocr_line' id='line_1_10' title="bbox 133 1395 1214 1477; baseline 0 -18"><span class='ocrx_word' id='word_1_83' title='bbox 133 1400 412 1477; x_wconf 63' lang='lat' dir='ltr'><strong>Thessalonicenses</strong></span> <span class='ocrx_word' id='word_1_84' title='bbox 434 1413 489 1454; x_wconf 89' lang='lat' dir='ltr'><strong>non</strong></span> <span class='ocrx_word' id='word_1_85' title='bbox 510 1401 618 1456; x_wconf 69' lang='lat' dir='ltr'><strong>motum</strong></span> <span class='ocrx_word' id='word_1_86' title='bbox 632 1395 795 1455; x_wconf 88' lang='lat' dir='ltr'><strong>hominibus</strong></span> <span class='ocrx_word' id='word_1_87' title='bbox 813 1396 1141 1476; x_wconf 77' lang='lat' dir='ltr'><strong>edhuc&#39;converiendls,</strong></span> <span class='ocrx_word' id='word_1_88' title='bbox 1161 1399 1214 1458; x_wconf 85' lang='lat' dir='ltr'><strong>sed</strong></span> 
     </span>
     <span class='ocr_line' id='line_1_11' title="bbox 133 1479 1215 1578; baseline -0.005 -16"><span class='ocrx_word' id='word_1_89' title='bbox 133 1503 221 1562; x_wconf 78' lang='lat' dir='ltr'><strong>etism</strong></span> <span class='ocrx_word' id='word_1_90' title='bbox 245 1499 300 1578; x_wconf 83' lang='lat' dir='ltr'><strong>lis,</strong></span> <span class='ocrx_word' id='word_1_91' title='bbox 322 1501 371 1576; x_wconf 76' lang='lat' dir='ltr'><strong>qud</strong></span> <span class='ocrx_word' id='word_1_92' title='bbox 390 1497 447 1557; x_wconf 84' lang='lat' dir='ltr'><strong>iam</strong></span> <span class='ocrx_word' id='word_1_93' title='bbox 469 1499 639 1574; x_wconf 87' lang='lat' dir='ltr'><strong>crederent,</strong></span> <span class='ocrx_word' id='word_1_94' title='bbox 667 1513 696 1555; x_wconf 76' lang='lat' dir='ltr'><strong>v.</strong></span> <span class='ocrx_word' id='word_1_95' title='bbox 718 1513 745 1557; x_wconf 90' lang='lat' dir='ltr'><strong>c.</strong></span> <span class='ocrx_word' id='word_1_96' title='bbox 765 1497 999 1572; x_wconf 80' lang='lat' dir='ltr'><strong>Philippensibus</strong></span> <span class='ocrx_word' id='word_1_97' title='bbox 1026 1504 1093 1558; x_wconf 87' lang='lat' dir='ltr'><strong>ante</strong></span> <span class='ocrx_word' id='word_1_98' title='bbox 1114 1479 1215 1557; x_wconf 83' lang='lat' dir='ltr'><strong>l&#39;hes-</strong></span> 
     </span>
     <span class='ocr_line' id='line_1_12' title="bbox 132 1598 1216 1678; baseline -0.005 -15"><span class='ocrx_word' id='word_1_99' title='bbox 132 1603 330 1663; x_wconf 72' lang='lat' dir='ltr'><strong>sulonicenses</strong></span> <span class='ocrx_word' id='word_1_100' title='bbox 362 1600 529 1676; x_wconf 83' lang='lat' dir='ltr'><strong>conversis,</strong></span> <span class='ocrx_word' id='word_1_101' title='bbox 554 1598 684 1672; x_wconf 87' lang='lat' dir='ltr'><strong>exemplo</strong></span> <span class='ocrx_word' id='word_1_102' title='bbox 726 1598 863 1660; x_wconf 81' lang='lat' dir='ltr'><strong>laudabili</strong></span> <span class='ocrx_word' id='word_1_103' title='bbox 895 1601 1005 1678; x_wconf 84' lang='lat' dir='ltr'><strong>tuisse,</strong></span> <span class='ocrx_word' id='word_1_104' title='bbox 1033 1605 1114 1660; x_wconf 87' lang='lat' dir='ltr'><strong>recte</strong></span> <span class='ocrx_word' id='word_1_105' title='bbox 1140 1601 1216 1658; x_wconf 87' lang='lat' dir='ltr'><strong>vidit</strong></span> 
     </span>
     <span class='ocr_line' id='line_1_13' title="bbox 133 1685 1211 1785; baseline -0.006 -20"><span class='ocrx_word' id='word_1_106' title='bbox 133 1685 417 1785; x_wconf 57' lang='lat' dir='ltr'><strong>chrysostoffmun</strong></span> <span class='ocrx_word' id='word_1_107' title='bbox 437 1699 548 1760; x_wconf 62' lang='lat' dir='ltr'><strong>adhib</strong></span> <span class='ocrx_word' id='word_1_108' title='bbox 565 1699 639 1758; x_wconf 89' lang='lat' dir='ltr'><strong>haec</strong></span> <span class='ocrx_word' id='word_1_109' title='bbox 659 1703 834 1760; x_wconf 82' lang='lat' dir='ltr'><strong>observans=</strong></span> <span class='ocrx_word' id='word_1_110' title='bbox 856 1687 952 1769; x_wconf 74' lang='grc' dir='ltr'><strong><em>οὕτως</em></strong></span> <span class='ocrx_word' id='word_1_111' title='bbox 968 1695 1145 1783; x_wconf 73' lang='grc' dir='ltr'><strong><em>ἑλοίμψατι,</em></strong></span> <span class='ocrx_word' id='word_1_112' title='bbox 1169 1697 1211 1766; x_wconf 75' lang='lat' dir='ltr'><strong>oie</strong></span> 
     </span>
     <span class='ocr_line' id='line_1_14' title="bbox 132 1795 1216 1883; baseline -0.006 -16"><span class='ocrx_word' id='word_1_113' title='bbox 132 1803 195 1868; x_wconf 72' lang='grc' dir='ltr'><strong>τῶν</strong></span> <span class='ocrx_word' id='word_1_114' title='bbox 227 1797 455 1883; x_wconf 75' lang='grc' dir='ltr'><strong>προλαβόντων</strong></span> <span class='ocrx_word' id='word_1_115' title='bbox 492 1801 645 1883; x_wconf 75' lang='grc' dir='ltr'><strong><em>γενέσθαι</em></strong></span> <span class='ocrx_word' id='word_1_116' title='bbox 680 1795 904 1870; x_wconf 75' lang='grc' dir='ltr'><strong>διδασκάλους.</strong></span> <span class='ocrx_word' id='word_1_117' title='bbox 955 1803 1090 1864; x_wconf 80' lang='lat' dir='ltr'><strong>Ceterum</strong></span> <span class='ocrx_word' id='word_1_118' title='bbox 1128 1803 1216 1883; x_wconf 79' lang='lat' dir='ltr'><strong>lectio</strong></span> 
     </span>
     <span class='ocr_line' id='line_1_15' title="bbox 132 1896 1215 1983; baseline -0.006 -14"><span class='ocrx_word' id='word_1_119' title='bbox 132 1896 262 1969; x_wconf 71' lang='grc' dir='ltr'><strong><em>τοίνυν</em></strong></span> <span class='ocrx_word' id='word_1_120' title='bbox 289 1907 320 1965; x_wconf 93' lang='lat' dir='ltr'><strong>ln</strong></span> <span class='ocrx_word' id='word_1_121' title='bbox 346 1905 454 1978; x_wconf 82' lang='lat' dir='ltr'><strong>aliquot</strong></span> <span class='ocrx_word' id='word_1_122' title='bbox 473 1903 557 1961; x_wconf 91' lang='lat' dir='ltr'><strong>codd.</strong></span> <span class='ocrx_word' id='word_1_123' title='bbox 584 1907 614 1961; x_wconf 86' lang='lat' dir='ltr'><strong>et</strong></span> <span class='ocrx_word' id='word_1_124' title='bbox 634 1919 727 1963; x_wconf 79' lang='lat' dir='ltr'><strong>verso.</strong></span> <span class='ocrx_word' id='word_1_125' title='bbox 749 1913 906 1983; x_wconf 81' lang='lat' dir='ltr'><strong>expressa,</strong></span> <span class='ocrx_word' id='word_1_126' title='bbox 934 1903 962 1964; x_wconf 90' lang='lat' dir='ltr'><strong>sl</strong></span> <span class='ocrx_word' id='word_1_127' title='bbox 988 1907 1143 1981; x_wconf 81' lang='lat' dir='ltr'><strong>probetur,</strong></span> <span class='ocrx_word' id='word_1_128' title='bbox 1170 1906 1215 1964; x_wconf 86' lang='lat' dir='ltr'><strong>sic</strong></span> 
     </span>
     <span class='ocr_line' id='line_1_16' title="bbox 131 2003 1214 2086; baseline -0.005 -17"><span class='ocrx_word' id='word_1_129' title='bbox 131 2009 333 2086; x_wconf 83' lang='lat' dir='ltr'><strong>intelligenda,</strong></span> <span class='ocrx_word' id='word_1_130' title='bbox 363 2010 397 2064; x_wconf 88' lang='lat' dir='ltr'><strong>ut</strong></span> <span class='ocrx_word' id='word_1_131' title='bbox 421 2003 710 2081; x_wconf 67' lang='lat' dir='ltr'><strong>Thessalonicenses,</strong></span> <span class='ocrx_word' id='word_1_132' title='bbox 739 2006 778 2064; x_wconf 89' lang='lat' dir='ltr'><strong>ad</strong></span> <span class='ocrx_word' id='word_1_133' title='bbox 813 2007 935 2065; x_wconf 90' lang='lat' dir='ltr'><strong>eundem</strong></span> <span class='ocrx_word' id='word_1_134' title='bbox 969 2007 1074 2083; x_wconf 82' lang='lat' dir='ltr'><strong>quippe</strong></span> <span class='ocrx_word' id='word_1_135' title='bbox 1102 2009 1214 2066; x_wconf 78' lang='lat' dir='ltr'><strong>coetum</strong></span> 
     </span>
     <span class='ocr_line' id='line_1_17' title="bbox 130 2105 1215 2186; baseline -0.003 -18"><span class='ocrx_word' id='word_1_136' title='bbox 130 2113 324 2186; x_wconf 80' lang='lat' dir='ltr'><strong>pertinentes,</strong></span> <span class='ocrx_word' id='word_1_137' title='bbox 351 2113 496 2182; x_wconf 69' lang='lat' dir='ltr'><strong>emptam</strong></span> <span class='ocrx_word' id='word_1_138' title='bbox 516 2123 580 2165; x_wconf 86' lang='lat' dir='ltr'><strong>ono</strong></span> <span class='ocrx_word' id='word_1_139' title='bbox 598 2121 731 2180; x_wconf 74' lang='lat' dir='ltr'><strong>percurso</strong></span> <span class='ocrx_word' id='word_1_140' title='bbox 752 2105 947 2178; x_wconf 77' lang='lat' dir='ltr'><strong>exhibeantur.</strong></span> <span class='ocrx_word' id='word_1_141' title='bbox 995 2107 1131 2168; x_wconf 78' lang='lat' dir='ltr'><strong>Attamen</strong></span> <span class='ocrx_word' id='word_1_142' title='bbox 1165 2109 1215 2182; x_wconf 91' lang='lat' dir='ltr'><strong>qui</strong></span> 
     </span>
     <span class='ocr_line' id='line_1_18' title="bbox 133 2205 1215 2289; baseline -0.001 -22"><span class='ocrx_word' id='word_1_143' title='bbox 133 2213 226 2289; x_wconf 76' lang='lat' dir='ltr'><strong>vulgo</strong></span> <span class='ocrx_word' id='word_1_144' title='bbox 253 2209 313 2285; x_wconf 76' lang='lat' dir='ltr'><strong>leg.</strong></span> <span class='ocrx_word' id='word_1_145' title='bbox 340 2223 475 2267; x_wconf 79' lang='lat' dir='ltr'><strong>numerus</strong></span> <span class='ocrx_word' id='word_1_146' title='bbox 502 2207 622 2280; x_wconf 86' lang='lat' dir='ltr'><strong>pluralis</strong></span> <span class='ocrx_word' id='word_1_147' title='bbox 649 2209 678 2265; x_wconf 87' lang='lat' dir='ltr'><strong>et</strong></span> <span class='ocrx_word' id='word_1_148' title='bbox 704 2209 872 2266; x_wconf 84' lang='lat' dir='ltr'><strong>anctoritate</strong></span> <span class='ocrx_word' id='word_1_149' title='bbox 893 2205 976 2266; x_wconf 79' lang='lat' dir='ltr'><strong>cond</strong></span> <span class='ocrx_word' id='word_1_150' title='bbox 996 2209 1161 2285; x_wconf 83' lang='lat' dir='ltr'><strong>praevalet,</strong></span> <span class='ocrx_word' id='word_1_151' title='bbox 1186 2213 1215 2268; x_wconf 84' lang='lat' dir='ltr'><strong>et</strong></span> 
     </span>
     <span class='ocr_line' id='line_1_19' title="bbox 132 2307 1214 2386; baseline -0.002 -14"><span class='ocrx_word' id='word_1_152' title='bbox 132 2309 351 2386; x_wconf 77' lang='lat' dir='ltr'><strong>conloquendi,</strong></span> <span class='ocrx_word' id='word_1_153' title='bbox 372 2325 458 2384; x_wconf 85' lang='lat' dir='ltr'><strong>quum</strong></span> <span class='ocrx_word' id='word_1_154' title='bbox 479 2308 545 2366; x_wconf 84' lang='lat' dir='ltr'><strong>aliis</strong></span> <span class='ocrx_word' id='word_1_155' title='bbox 566 2307 604 2366; x_wconf 88' lang='lat' dir='ltr'><strong>N.</strong></span> <span class='ocrx_word' id='word_1_156' title='bbox 618 2307 653 2366; x_wconf 67' lang='lat' dir='ltr'><strong>Fa</strong></span> <span class='ocrx_word' id='word_1_157' title='bbox 676 2307 759 2384; x_wconf 87' lang='lat' dir='ltr'><strong>locis,</strong></span> <span class='ocrx_word' id='word_1_158' title='bbox 778 2310 828 2366; x_wconf 89' lang='lat' dir='ltr'><strong>ubl</strong></span> <span class='ocrx_word' id='word_1_159' title='bbox 849 2309 886 2367; x_wconf 93' lang='lat' dir='ltr'><strong>de</strong></span> <span class='ocrx_word' id='word_1_160' title='bbox 907 2310 994 2367; x_wconf 87' lang='lat' dir='ltr'><strong>rebus</strong></span> <span class='ocrx_word' id='word_1_161' title='bbox 1015 2311 1214 2370; x_wconf 86' lang='lat' dir='ltr'><strong>hominihusve</strong></span> 
     </span>
     <span class='ocr_line' id='line_1_20' title="bbox 133 2403 1214 2495; baseline 0.002 -25"><span class='ocrx_word' id='word_1_162' title='bbox 133 2415 266 2495; x_wconf 73' lang='lat' dir='ltr'><strong>pluribus</strong></span> <span class='ocrx_word' id='word_1_163' title='bbox 277 2425 372 2470; x_wconf 87' lang='lat' dir='ltr'><strong>sermo</strong></span> <span class='ocrx_word' id='word_1_164' title='bbox 385 2415 445 2486; x_wconf 87' lang='lat' dir='ltr'><strong>est,</strong></span> <span class='ocrx_word' id='word_1_165' title='bbox 467 2403 589 2470; x_wconf 81' lang='grc' dir='ltr'><strong><em>τύποι</em></strong></span> <span class='ocrx_word' id='word_1_166' title='bbox 610 2409 737 2485; x_wconf 79' lang='lat' dir='ltr'><strong>dicatur,</strong></span> <span class='ocrx_word' id='word_1_167' title='bbox 751 2411 780 2470; x_wconf 85' lang='lat'><strong>1.</strong></span> <span class='ocrx_word' id='word_1_168' title='bbox 796 2411 880 2470; x_wconf 81' lang='lat' dir='ltr'><strong>corr.</strong></span> <span class='ocrx_word' id='word_1_169' title='bbox 897 2411 950 2489; x_wconf 86' lang='lat'><strong>10,</strong></span> <span class='ocrx_word' id='word_1_170' title='bbox 963 2414 995 2468; x_wconf 76' lang='grc' dir='ltr'><strong>δ.</strong></span> <span class='ocrx_word' id='word_1_171' title='bbox 1010 2412 1174 2492; x_wconf 72' lang='grc' dir='ltr'><strong><em>1.,Ριιι15,</em></strong></span> <span class='ocrx_word' id='word_1_172' title='bbox 1182 2415 1214 2472; x_wconf 77' lang='grc' dir='ltr'><strong>δ.</strong></span> 
     </span>
     <span class='ocr_line' id='line_1_21' title="bbox 138 2505 1303 2592; baseline -0.003 -17"><span class='ocrx_word' id='word_1_173' title='bbox 138 2515 293 2588; x_wconf 80' lang='lat' dir='ltr'><strong>scriptura</strong></span> <span class='ocrx_word' id='word_1_174' title='bbox 320 2505 440 2572; x_wconf 72' lang='grc' dir='ltr'><strong><em>τόσον</em></strong></span> <span class='ocrx_word' id='word_1_175' title='bbox 468 2509 516 2568; x_wconf 85' lang='lat' dir='ltr'><strong>vei</strong></span> <span class='ocrx_word' id='word_1_176' title='bbox 537 2509 630 2569; x_wconf 87' lang='lat' dir='ltr'><strong>errori</strong></span> <span class='ocrx_word' id='word_1_177' title='bbox 662 2510 808 2570; x_wconf 85' lang='lat' dir='ltr'><strong>scribendi</strong></span> <span class='ocrx_word' id='word_1_178' title='bbox 841 2513 982 2588; x_wconf 80' lang='lat' dir='ltr'><strong>originem</strong></span> <span class='ocrx_word' id='word_1_179' title='bbox 1007 2513 1142 2592; x_wconf 87' lang='lat' dir='ltr'><strong>dehehnt,</strong></span> <span class='ocrx_word' id='word_1_180' title='bbox 1167 2515 1215 2572; x_wconf 89' lang='lat' dir='ltr'><strong>vel</strong></span> <span class='ocrx_word' id='word_1_181' title='bbox 1297 2507 1303 2522; x_wconf 83' lang='lat'>&#39;</span> 
     </span>
     <span class='ocr_line' id='line_1_22' title="bbox 115 2609 1212 2694; baseline -0.004 -17"><span class='ocrx_word' id='word_1_182' title='bbox 115 2615 312 2677; x_wconf 88' lang='lat' dir='ltr'><strong>&#39;correctioni</strong></span> <span class='ocrx_word' id='word_1_183' title='bbox 331 2614 521 2687; x_wconf 86' lang='lat' dir='ltr'><strong>librariorum,</strong></span> <span class='ocrx_word' id='word_1_184' title='bbox 544 2612 592 2685; x_wconf 88' lang='lat' dir='ltr'><strong>qul</strong></span> <span class='ocrx_word' id='word_1_185' title='bbox 612 2611 728 2670; x_wconf 84' lang='lat' dir='ltr'><strong>eliuode</strong></span> <span class='ocrx_word' id='word_1_186' title='bbox 747 2609 841 2688; x_wconf 75' lang='lat' dir='ltr'><strong>(Phil.</strong></span> <span class='ocrx_word' id='word_1_187' title='bbox 853 2614 887 2691; x_wconf 77' lang='grc' dir='ltr'><strong>δ,</strong></span> <span class='ocrx_word' id='word_1_188' title='bbox 900 2615 952 2672; x_wconf 73' lang='grc'><strong><em>11.</em></strong></span> <span class='ocrx_word' id='word_1_189' title='bbox 965 2615 1012 2673; x_wconf 86' lang='grc' dir='ltr'><strong>Η.</strong></span> <span class='ocrx_word' id='word_1_190' title='bbox 1024 2617 1125 2673; x_wconf 78' lang='grc' dir='ltr'><strong><em>Τίτιον.</em></strong></span> <span class='ocrx_word' id='word_1_191' title='bbox 1141 2617 1174 2694; x_wconf 79' lang='lat'><strong>3,</strong></span> <span class='ocrx_word' id='word_1_192' title='bbox 1183 2619 1212 2674; x_wconf 83' lang='grc'><strong>9.</strong></span> 
     </span>
     <span class='ocr_line' id='line_1_23' title="bbox 136 2713 1214 2796; baseline -0.002 -20"><span class='ocrx_word' id='word_1_193' title='bbox 136 2722 165 2781; x_wconf 86' lang='grc'><strong><em>1.</em></strong></span> <span class='ocrx_word' id='word_1_194' title='bbox 189 2721 267 2780; x_wconf 60' lang='lat' dir='ltr'><strong>vino</strong></span> <span class='ocrx_word' id='word_1_195' title='bbox 286 2717 326 2796; x_wconf 78' lang='lat'><strong>4,</strong></span> <span class='ocrx_word' id='word_1_196' title='bbox 348 2717 399 2775; x_wconf 75' lang='lat'><strong>12.</strong></span> <span class='ocrx_word' id='word_1_197' title='bbox 437 2715 493 2774; x_wconf 79' lang='lat' dir='ltr'><strong>ru.</strong></span> <span class='ocrx_word' id='word_1_198' title='bbox 514 2715 547 2794; x_wconf 78' lang='lat'><strong>2,</strong></span> <span class='ocrx_word' id='word_1_199' title='bbox 570 2713 631 2790; x_wconf 78' lang='lat'><strong>7.)</strong></span> <span class='ocrx_word' id='word_1_200' title='bbox 673 2713 814 2788; x_wconf 80' lang='lat' dir='ltr'><strong>singulari</strong></span> <span class='ocrx_word' id='word_1_201' title='bbox 838 2713 935 2789; x_wconf 78' lang='lat' dir='ltr'><strong>magis</strong></span> <span class='ocrx_word' id='word_1_202' title='bbox 968 2715 1080 2773; x_wconf 86' lang='lat' dir='ltr'><strong>edsueti</strong></span> <span class='ocrx_word' id='word_1_203' title='bbox 1110 2719 1214 2774; x_wconf 84' lang='lat' dir='ltr'><strong>essent</strong></span> 
     </span>
     <span class='ocr_line' id='line_1_24' title="bbox 135 2805 1215 2886; baseline -0.003 -6"><span class='ocrx_word' id='word_1_204' title='bbox 135 2821 301 2880; x_wconf 80' lang='lat' dir='ltr'><strong>verissime</strong></span> <span class='ocrx_word' id='word_1_205' title='bbox 327 2817 400 2874; x_wconf 87' lang='lat' dir='ltr'><strong>haee</strong></span> <span class='ocrx_word' id='word_1_206' title='bbox 427 2817 540 2874; x_wconf 86' lang='lat' dir='ltr'><strong>observ.</strong></span> <span class='ocrx_word' id='word_1_207' title='bbox 567 2815 708 2874; x_wconf 79' lang='lat' dir='ltr'><strong>Censor</strong></span> <span class='ocrx_word' id='word_1_208' title='bbox 737 2815 932 2874; x_wconf 89' lang='lat' dir='ltr'><strong>commentarii</strong></span> <span class='ocrx_word' id='word_1_209' title='bbox 959 2817 1035 2886; x_wconf 76' lang='lat' dir='ltr'><strong>Peli.</strong></span> <span class='ocrx_word' id='word_1_210' title='bbox 1065 2805 1215 2877; x_wconf 82' lang='lat' dir='ltr'><strong>llallisohe</strong></span> 
     </span>
     <span class='ocr_line' id='line_1_25' title="bbox 137 2913 551 2984; baseline -0.031 0"><span class='ocrx_word' id='word_1_211' title='bbox 137 2923 178 2984; x_wconf 78' lang='lat' dir='ltr'><strong>A·</strong></span> <span class='ocrx_word' id='word_1_212' title='bbox 196 2921 234 2980; x_wconf 81' lang='lat'><strong>11.</strong></span> <span class='ocrx_word' id='word_1_213' title='bbox 255 2923 291 2978; x_wconf 75' lang='lat' dir='ltr'><strong>Z.</strong></span> <span class='ocrx_word' id='word_1_214' title='bbox 312 2919 368 2976; x_wconf 83' lang='grc' dir='ltr'><strong>Νυ.</strong></span> <span class='ocrx_word' id='word_1_215' title='bbox 390 2917 439 2974; x_wconf 84' lang='grc'><strong><em>81.</em></strong></span> <span class='ocrx_word' id='word_1_216' title='bbox 458 2913 551 2973; x_wconf 79' lang='grc'><strong><em>1831.</em></strong></span> 
     </span>
    </p>

    <p class='ocr_par' dir='ltr' id='par_1_3' title="bbox 135 3012 1215 3286">
     <span class='ocr_line' id='line_1_26' title="bbox 221 3012 1215 3108; baseline -0.001 -28"><span class='ocrx_word' id='word_1_217' title='bbox 221 3021 419 3081; x_wconf 79' lang='lat' dir='ltr'><strong>Praestantiae</strong></span> <span class='ocrx_word' id='word_1_218' title='bbox 449 3017 535 3078; x_wconf 80' lang='lat' dir='ltr'><strong>imos</strong></span> <span class='ocrx_word' id='word_1_219' title='bbox 568 3012 868 3075; x_wconf 71' lang='lat' dir='ltr'><strong>thessalonicensium</strong></span> <span class='ocrx_word' id='word_1_220' title='bbox 897 3019 1019 3091; x_wconf 82' lang='lat' dir='ltr'><strong>exempli</strong></span> <span class='ocrx_word' id='word_1_221' title='bbox 1053 3021 1215 3108; x_wconf 69' lang='lat' dir='ltr'><strong>laudabilis,</strong></span> 
     </span>
     <span class='ocr_line' id='line_1_27' title="bbox 136 3119 1215 3197; baseline -0.002 -15"><span class='ocrx_word' id='word_1_222' title='bbox 136 3123 223 3182; x_wconf 84' lang='lat' dir='ltr'><strong>e&#39;ulus</strong></span> <span class='ocrx_word' id='word_1_223' title='bbox 248 3125 326 3178; x_wconf 87' lang='lat' dir='ltr'><strong>tama</strong></span> <span class='ocrx_word' id='word_1_224' title='bbox 352 3123 440 3197; x_wconf 83' lang='lat' dir='ltr'><strong>longe</strong></span> <span class='ocrx_word' id='word_1_225' title='bbox 466 3121 580 3193; x_wconf 83' lang='lat' dir='ltr'><strong>lateque</strong></span> <span class='ocrx_word' id='word_1_226' title='bbox 600 3119 828 3196; x_wconf 78' lang='lat' dir='ltr'><strong>percrebruerit,</strong></span> <span class='ocrx_word' id='word_1_227' title='bbox 854 3121 977 3192; x_wconf 84' lang='lat' dir='ltr'><strong>amplius</strong></span> <span class='ocrx_word' id='word_1_228' title='bbox 1004 3123 1215 3195; x_wconf 75' lang='lat' dir='ltr'><strong>praedicandae</strong></span> 
     </span>
     <span class='ocr_line' id='line_1_28' title="bbox 135 3207 536 3286; baseline -0.017 0"><span class='ocrx_word' id='word_1_229' title='bbox 135 3225 305 3286; x_wconf 85' lang='lat' dir='ltr'><strong>immoratur</strong></span> <span class='ocrx_word' id='word_1_230' title='bbox 323 3223 416 3281; x_wconf 88' lang='lat' dir='ltr'><strong>oratio</strong></span> <span class='ocrx_word' id='word_1_231' title='bbox 437 3207 536 3280; x_wconf 48' lang='lat' dir='ltr'><strong>Pauli(</strong></span> 
     </span>
    </p>

    <p class='ocr_par' dir='ltr' id='par_1_4' title="bbox 177 3311 1215 4024">
     <span class='ocr_line' id='line_1_29' title="bbox 222 3311 1215 3410; baseline -0.003 -20"><span class='ocrx_word' id='word_1_232' title='bbox 222 3319 267 3390; x_wconf 78' lang='lat' dir='ltr'><strong>V·</strong></span> <span class='ocrx_word' id='word_1_233' title='bbox 289 3315 327 3386; x_wconf 84' lang='grc' dir='ltr'><strong>Θ.</strong></span> <span class='ocrx_word' id='word_1_234' title='bbox 350 3315 388 3386; x_wconf 80' lang='grc'><strong>9.</strong></span> <span class='ocrx_word' id='word_1_235' title='bbox 413 3319 472 3386; x_wconf 84' lang='lat' dir='ltr'><strong>til.</strong></span> <span class='ocrx_word' id='word_1_236' title='bbox 511 3313 596 3410; x_wconf 79' lang='grc' dir='ltr'><strong>Ἀφ’</strong></span> <span class='ocrx_word' id='word_1_237' title='bbox 620 3312 715 3408; x_wconf 74' lang='grc' dir='ltr'><strong><em>ὑμῶν</em></strong></span> <span class='ocrx_word' id='word_1_238' title='bbox 735 3312 798 3406; x_wconf 78' lang='grc' dir='ltr'><strong>γὰρ</strong></span> <span class='ocrx_word' id='word_1_239' title='bbox 821 3311 974 3404; x_wconf 77' lang='grc' dir='ltr'><strong>ἐξήχηται</strong></span> <span class='ocrx_word' id='word_1_240' title='bbox 994 3311 1012 3384; x_wconf 84' lang='grc' dir='ltr'><em>ὃ</em></span> <span class='ocrx_word' id='word_1_241' title='bbox 1034 3313 1130 3404; x_wconf 80' lang='grc' dir='ltr'><strong><em>λόγος</em></strong></span> <span class='ocrx_word' id='word_1_242' title='bbox 1152 3321 1215 3394; x_wconf 74' lang='grc' dir='ltr'><strong>τοῦ</strong></span> 
     </span>
     <span class='ocr_line' id='line_1_30' title="bbox 180 3415 1213 3514; baseline -0.002 -24"><span class='ocrx_word' id='word_1_243' title='bbox 180 3421 298 3511; x_wconf 79' lang='grc' dir='ltr'><strong><em>κυρίου</em></strong></span> <span class='ocrx_word' id='word_1_244' title='bbox 320 3415 361 3490; x_wconf 83' lang='grc' dir='ltr'><strong>οὗ</strong></span> <span class='ocrx_word' id='word_1_245' title='bbox 383 3416 488 3508; x_wconf 81' lang='grc' dir='ltr'><strong><em>μόνον</em></strong></span> <span class='ocrx_word' id='word_1_246' title='bbox 520 3421 555 3488; x_wconf 77' lang='grc' dir='ltr'><strong>ἐν</strong></span> <span class='ocrx_word' id='word_1_247' title='bbox 575 3421 618 3514; x_wconf 81' lang='grc' dir='ltr'><strong>τῇ</strong></span> <span class='ocrx_word' id='word_1_248' title='bbox 642 3417 839 3508; x_wconf 73' lang='grc' dir='ltr'><strong><em>Μακεδονίᾳ</em></strong></span> <span class='ocrx_word' id='word_1_249' title='bbox 870 3423 926 3485; x_wconf 85' lang='grc' dir='ltr'><strong>καὶ</strong></span> <span class='ocrx_word' id='word_1_250' title='bbox 954 3419 989 3485; x_wconf 82' lang='grc' dir='ltr'><strong>ἐν</strong></span> <span class='ocrx_word' id='word_1_251' title='bbox 1016 3421 1058 3514; x_wconf 78' lang='grc' dir='ltr'><strong>τῇ</strong></span> <span class='ocrx_word' id='word_1_252' title='bbox 1085 3423 1213 3514; x_wconf 57' lang='lat' dir='ltr'><strong>Apate,</strong></span> 
     </span>
     <span class='ocr_line' id='line_1_31' title="bbox 179 3514 1214 3614; baseline 0.001 -22"><span class='ocrx_word' id='word_1_253' title='bbox 179 3519 250 3592; x_wconf 71' lang='lat' dir='ltr'><strong>dit</strong></span> <span class='ocrx_word' id='word_1_254' title='bbox 280 3524 315 3590; x_wconf 74' lang='grc' dir='ltr'><strong>ἒν</strong></span> <span class='ocrx_word' id='word_1_255' title='bbox 336 3526 436 3592; x_wconf 80' lang='grc' dir='ltr'><strong><em>παντί</em></strong></span> <span class='ocrx_word' id='word_1_256' title='bbox 460 3522 551 3614; x_wconf 77' lang='grc' dir='ltr'><strong><em>τόπῳ</em></strong></span> <span class='ocrx_word' id='word_1_257' title='bbox 579 3519 598 3604; x_wconf 79' lang='grc' dir='ltr'><em>ἡ</em></span> <span class='ocrx_word' id='word_1_258' title='bbox 629 3521 739 3601; x_wconf 80' lang='grc' dir='ltr'><strong><em>πίστις</em></strong></span> <span class='ocrx_word' id='word_1_259' title='bbox 764 3515 858 3609; x_wconf 69' lang='grc' dir='ltr'><strong><em>ὑμῶν</em></strong></span> <span class='ocrx_word' id='word_1_260' title='bbox 876 3514 897 3602; x_wconf 83' lang='grc' dir='ltr'><em>ἡ</em></span> <span class='ocrx_word' id='word_1_261' title='bbox 931 3518 1014 3612; x_wconf 76' lang='grc' dir='ltr'><strong>πρὸς</strong></span> <span class='ocrx_word' id='word_1_262' title='bbox 1040 3517 1099 3590; x_wconf 84' lang='grc' dir='ltr'><strong>τὸν</strong></span> <span class='ocrx_word' id='word_1_263' title='bbox 1129 3525 1214 3593; x_wconf 77' lang='grc' dir='ltr'><strong><em>θεὸν</em></strong></span> 
     </span>
     <span class='ocr_line' id='line_1_32' title="bbox 179 3615 1214 3716; baseline 0.002 -23"><span class='ocrx_word' id='word_1_264' title='bbox 179 3622 387 3708; x_wconf 75' lang='grc' dir='ltr'><strong><em>ἐξελήλυθεν,</em></strong></span> <span class='ocrx_word' id='word_1_265' title='bbox 408 3617 492 3692; x_wconf 74' lang='lat' dir='ltr'><strong>tinen</strong></span> <span class='ocrx_word' id='word_1_266' title='bbox 503 3624 551 3712; x_wconf 82' lang='grc' dir='ltr'><strong>μὴ</strong></span> <span class='ocrx_word' id='word_1_267' title='bbox 566 3623 681 3715; x_wconf 86' lang='grc' dir='ltr'><strong><em>χρείαν</em></strong></span> <span class='ocrx_word' id='word_1_268' title='bbox 703 3619 786 3712; x_wconf 82' lang='grc' dir='ltr'><strong><em>ἔχειν</em></strong></span> <span class='ocrx_word' id='word_1_269' title='bbox 806 3617 895 3710; x_wconf 79' lang='grc' dir='ltr'><strong>ἡμᾶς</strong></span> <span class='ocrx_word' id='word_1_270' title='bbox 915 3615 1025 3693; x_wconf 80' lang='grc' dir='ltr'><strong><em>λαλεῖν</em></strong></span> <span class='ocrx_word' id='word_1_271' title='bbox 1046 3651 1088 3694; x_wconf 85' lang='grc' dir='ltr'><strong>τι.</strong></span> <span class='ocrx_word' id='word_1_272' title='bbox 1105 3632 1150 3712; x_wconf 85' lang='grc' dir='ltr'><strong>(ν.</strong></span> <span class='ocrx_word' id='word_1_273' title='bbox 1162 3625 1214 3716; x_wconf 83' lang='lat'><strong>9.)</strong></span> 
     </span>
     <span class='ocr_line' id='line_1_33' title="bbox 178 3717 1214 3818; baseline 0.002 -22"><span class='ocrx_word' id='word_1_274' title='bbox 178 3723 293 3797; x_wconf 71' lang='lat' dir='ltr'><strong>Airai</strong></span> <span class='ocrx_word' id='word_1_275' title='bbox 323 3725 387 3818; x_wconf 80' lang='grc' dir='ltr'><strong>γὰρ</strong></span> <span class='ocrx_word' id='word_1_276' title='bbox 409 3731 483 3818; x_wconf 79' lang='grc' dir='ltr'><strong><em>περὶ</em></strong></span> <span class='ocrx_word' id='word_1_277' title='bbox 511 3723 606 3813; x_wconf 78' lang='grc' dir='ltr'><strong><em>ἡμῶν</em></strong></span> <span class='ocrx_word' id='word_1_278' title='bbox 630 3717 908 3813; x_wconf 74' lang='grc' dir='ltr'><strong><em>ἀπαγγέλλουσιν,</em></strong></span> <span class='ocrx_word' id='word_1_279' title='bbox 938 3720 1056 3796; x_wconf 79' lang='grc' dir='ltr'><strong><em>ὁποίαν</em></strong></span> <span class='ocrx_word' id='word_1_280' title='bbox 1084 3730 1214 3799; x_wconf 79' lang='grc' dir='ltr'><strong><em>εἴσοδον</em></strong></span> 
     </span>
     <span class='ocr_line' id='line_1_34' title="bbox 177 3818 1213 3924; baseline 0.002 -24"><span class='ocrx_word' id='word_1_281' title='bbox 177 3829 320 3920; x_wconf 75' lang='grc' dir='ltr'><strong><em>ἔσχομεν</em></strong></span> <span class='ocrx_word' id='word_1_282' title='bbox 348 3827 432 3924; x_wconf 78' lang='grc' dir='ltr'><strong><em>πρὸς</em></strong></span> <span class='ocrx_word' id='word_1_283' title='bbox 468 3823 575 3918; x_wconf 78' lang='grc' dir='ltr'><strong><em>ὑμᾶς,</em></strong></span> <span class='ocrx_word' id='word_1_284' title='bbox 602 3833 658 3896; x_wconf 83' lang='grc' dir='ltr'><strong>καί</strong></span> <span class='ocrx_word' id='word_1_285' title='bbox 688 3829 758 3911; x_wconf 59' lang='grc' dir='ltr'><strong>πῶς</strong></span> <span class='ocrx_word' id='word_1_286' title='bbox 788 3829 1008 3922; x_wconf 74' lang='grc' dir='ltr'><strong><em>ἐπεστρέψατε</em></strong></span> <span class='ocrx_word' id='word_1_287' title='bbox 1035 3827 1118 3921; x_wconf 81' lang='grc' dir='ltr'><strong><em>πρὸς</em></strong></span> <span class='ocrx_word' id='word_1_288' title='bbox 1152 3818 1213 3902; x_wconf 80' lang='grc' dir='ltr'><strong>Ιτὸν</strong></span> 
     </span>
     <span class='ocr_line' id='line_1_35' title="bbox 179 3926 1213 4024; baseline 0.001 -21"><span class='ocrx_word' id='word_1_289' title='bbox 179 3937 270 4003; x_wconf 73' lang='grc' dir='ltr'><strong><em>θεον</em></strong></span> <span class='ocrx_word' id='word_1_290' title='bbox 289 3927 356 4002; x_wconf 69' lang='lat' dir='ltr'><strong>dab</strong></span> <span class='ocrx_word' id='word_1_291' title='bbox 379 3935 446 4002; x_wconf 77' lang='grc' dir='ltr'><strong>τῶν</strong></span> <span class='ocrx_word' id='word_1_292' title='bbox 465 3927 622 4005; x_wconf 77' lang='grc' dir='ltr'><strong><em>εἰδώλων.</em></strong></span> <span class='ocrx_word' id='word_1_293' title='bbox 650 3926 814 4000; x_wconf 75' lang='grc' dir='ltr'><strong><em>δουλεύειν</em></strong></span> <span class='ocrx_word' id='word_1_294' title='bbox 833 3929 908 4024; x_wconf 67' lang='grc' dir='ltr'><strong><em>θεῷ</em></strong></span> <span class='ocrx_word' id='word_1_295' title='bbox 926 3933 1023 4014; x_wconf 78' lang='grc' dir='ltr'><strong><em>ζῶντι</em></strong></span> <span class='ocrx_word' id='word_1_296' title='bbox 1048 3939 1104 4001; x_wconf 85' lang='grc' dir='ltr'><strong>καὶ</strong></span> <span class='ocrx_word' id='word_1_297' title='bbox 1133 3931 1213 4020; x_wconf 80' lang='grc' dir='ltr'><strong><em>ἄλη-</em></strong></span> 
     </span>
    </p>
   </div>
   <div class='ocr_carea' id='block_1_3' title="bbox 177 4029 1215 4410">
    <p class='ocr_par' dir='ltr' id='par_1_5' title="bbox 177 4029 1215 4410">
     <span class='ocr_line' id='line_1_36' title="bbox 178 4029 1215 4128; baseline 0.002 -23"><span class='ocrx_word' id='word_1_298' title='bbox 178 4036 295 4128; x_wconf 74' lang='grc' dir='ltr'><strong>θινῷ,</strong></span> <span class='ocrx_word' id='word_1_299' title='bbox 317 4039 363 4120; x_wconf 82' lang='grc' dir='ltr'><strong>(ν.</strong></span> <span class='ocrx_word' id='word_1_300' title='bbox 389 4033 466 4117; x_wconf 81' lang='lat'>10.)</span> <span class='ocrx_word' id='word_1_301' title='bbox 494 4039 549 4102; x_wconf 84' lang='grc' dir='ltr'><strong>καί</strong></span> <span class='ocrx_word' id='word_1_302' title='bbox 577 4029 753 4123; x_wconf 77' lang='grc' dir='ltr'><strong><em>ἀναμένειν</em></strong></span> <span class='ocrx_word' id='word_1_303' title='bbox 774 4031 834 4103; x_wconf 86' lang='grc' dir='ltr'><strong>τὸν</strong></span> <span class='ocrx_word' id='word_1_304' title='bbox 863 4031 936 4103; x_wconf 87' lang='grc' dir='ltr'><strong><em>υίὸν</em></strong></span> <span class='ocrx_word' id='word_1_305' title='bbox 961 4031 1067 4104; x_wconf 80' lang='grc' dir='ltr'><strong><em>αὐτοῦ</em></strong></span> <span class='ocrx_word' id='word_1_306' title='bbox 1093 4037 1127 4106; x_wconf 87' lang='grc' dir='ltr'><strong><em>εἰι</em></strong></span> <span class='ocrx_word' id='word_1_307' title='bbox 1147 4041 1215 4107; x_wconf 79' lang='grc' dir='ltr'><strong>τῶν</strong></span> 
     </span>
     <span class='ocr_line' id='line_1_37' title="bbox 179 4131 1215 4232; baseline 0 -23"><span class='ocrx_word' id='word_1_308' title='bbox 179 4135 350 4231; x_wconf 74' lang='grc' dir='ltr'><strong><em>οὐρανῶν,</em></strong></span> <span class='ocrx_word' id='word_1_309' title='bbox 372 4131 413 4205; x_wconf 78' lang='grc' dir='ltr'><strong>δν</strong></span> <span class='ocrx_word' id='word_1_310' title='bbox 435 4132 561 4229; x_wconf 76' lang='grc' dir='ltr'><strong><em>ἤγειρεν</em></strong></span> <span class='ocrx_word' id='word_1_311' title='bbox 586 4139 619 4204; x_wconf 77' lang='grc' dir='ltr'><strong>ἐν</strong></span> <span class='ocrx_word' id='word_1_312' title='bbox 645 4139 711 4206; x_wconf 77' lang='grc' dir='ltr'><strong>τῶν</strong></span> <span class='ocrx_word' id='word_1_313' title='bbox 732 4137 871 4227; x_wconf 78' lang='grc' dir='ltr'><strong><em>νεκρῶν,</em></strong></span> <span class='ocrx_word' id='word_1_314' title='bbox 887 4131 1037 4224; x_wconf 72' lang='grc' dir='ltr'><strong><em>Ἰησοῦν,</em></strong></span> <span class='ocrx_word' id='word_1_315' title='bbox 1060 4137 1118 4210; x_wconf 84' lang='grc' dir='ltr'><strong>τὸν</strong></span> <span class='ocrx_word' id='word_1_316' title='bbox 1139 4139 1215 4232; x_wconf 82' lang='grc' dir='ltr'><strong><em>ῥυό-</em></strong></span> 
     </span>
     <span class='ocr_line' id='line_1_38' title="bbox 177 4234 1012 4410; baseline -0.008 -98"><span class='ocrx_word' id='word_1_317' title='bbox 177 4265 283 4332; x_wconf 81' lang='grc' dir='ltr'><strong><em>μενον</em></strong></span> <span class='ocrx_word' id='word_1_318' title='bbox 303 4235 394 4331; x_wconf 77' lang='grc' dir='ltr'><strong>ἡμᾶς</strong></span> <span class='ocrx_word' id='word_1_319' title='bbox 416 4235 482 4310; x_wconf 80' lang='grc' dir='ltr'><strong>ἀπὸ</strong></span> <span class='ocrx_word' id='word_1_320' title='bbox 501 4240 563 4320; x_wconf 81' lang='grc' dir='ltr'><strong>τῆς</strong></span> <span class='ocrx_word' id='word_1_321' title='bbox 584 4234 684 4332; x_wconf 81' lang='grc' dir='ltr'><strong><em>ὀργῆς</em></strong></span> <span class='ocrx_word' id='word_1_322' title='bbox 704 4241 766 4320; x_wconf 83' lang='grc' dir='ltr'><strong>τῆς</strong></span> <span class='ocrx_word' id='word_1_323' title='bbox 787 4241 1012 4410; x_wconf 48' lang='lat' dir='ltr'><strong>dorosthori*</strong></span> 
     </span>
    </p>
   </div>
   <div class='ocr_carea' id='block_1_4' title="bbox 0 0 1375 4828">
    <p class='ocr_par' dir='ltr' id='par_1_6' title="bbox 0 0 1375 4828">
     <span class='ocr_line' id='line_1_39' title="bbox 0 0 1375 4828; baseline 0 0"><span class='ocrx_word' id='word_1_324' title='bbox 0 0 1375 4828; x_wconf 95' lang='lat' dir='ltr'><strong> </strong></span> 
     </span>
    </p>
   </div>
  </div>
 </body>
</html>
