2684 4830
247 431 403 526 Epistola
422 431 468 504 ei
488 427 643 502 (inlatas.
671 429 710 503 ⁰.
732 427 778 500 ii
799 427 844 503 V·
864 429 1036 506 ii-it.
1098 429 1180 503 38⁷
1209 477 1214 534 :'

107 610 200 674 libum
227 609 379 672 immoletis
408 608 539 686 residua,
571 607 625 669 seul
654 606 741 668 etiam
771 621 860 667 cerco
883 605 1013 669 enirnalis
1037 625 1095 669 non
1124 611 1179 671 rite

107 715 224 777 mcccc
243 711 407 792 (croceo)
430 715 460 769 et
477 711 620 787 saugurlne
638 725 758 786 prorsus
781 709 923 770 abstinere
946 711 1066 786 iuberet,
1085 727 1178 785 prop·
1215 699 1217 702 ’

105 821 152 877 ter
172 817 266 876 euicta
288 817 395 877 Genea.
408 815 486 894 9,4.
514 812 755 892 2110112221.
783 814 879 873 nemi.
897 815 931 892 3,
949 815 1000 872 17.
1017 815 1116 894 1,26.
1133 830 1177 891 eo.

109 907 306 1000 11,12.16.“
324 915 623 996 Deuteron14,21.
636 914 691 993 12,
707 916 757 974 11.
770 917 823 975 22.
839 931 882 990 ap.
905 916 958 993 15,
971 918 1024 975 22.
1054 915 1179 975 Proinde

106 1035 165 1081 non
190 1021 284 1093 potest
315 1019 418 1077 mirum
443 1017 556 1094 uideri,
587 1017 661 1091 quod
685 1017 791 1077 Petrus
820 1016 1005 1076 Antiochiam
1031 1021 1178 1098 prefectus

106 1121 230 1196 primurn
251 1121 364 1196 quidem
386 1135 441 1178 non
462 1118 633 1178 dnbimverit
664 1131 729 1175 cnm
754 1117 912 1176 hominibus
932 1118 1179 1177 iitbnico-Cbri-

105 1223 207 1284 manis
237 1223 403 1296 comedere,
427 1220 492 1279 sive
520 1222 598 1294 quoi
624 1216 781 1280 Christiani
806 1219 979 1278 Antiochenl
1007 1205 1181 1279 conditioni-

106 1323 161 1386 bus
187 1325 244 1384 illis
270 1324 303 1383 in
328 1325 445 1382 decreto
472 1323 662 1396 Hierosolym.
696 1321 849 1396 propositis
873 1337 945 1381 uere
971 1323 1181 1399 satisfacerent,

106 1427 172 1486 sive
199 1426 274 1500 quoti
294 1427 452 1484 libertatem
473 1425 682 1502 christianam,
702 1427 811 1484 mtione
831 1423 957 1482 ciborum
977 1423 1087 1502 babitu,
1112 1439 1180 1502 orn·-

106 1525 175 1588 sno
196 1527 279 1586 nunu
300 1527 434 1585 umucom
456 1527 653 1588 circumscribi
670 1509 768 1584 'vcuco
811 1517 941 1600 ”cccc
968 1525 999 1583 n.
1018 1526 1038 1585 1.
1061 1527 1181 1587 euecti

106 1631 166 1689 dici
196 1643 234 1688 ex
263 1631 393 1706 poponis
424 1643 584 1688 conversos
614 1632 692 1701 patet
723 1643 761 1685 ex
793 1639 822 1685 u.
844 1624 895 1685 14.
936 1615 1051 1688 ficum
1069 1629 1125 1707 fo,
1143 1627 1180 1687 4.

106 1732 233 1808 lipbeaa.
246 1732 281 1810 2,
294 1731 324 1790 1.
371 1732 437 1791 Jem
467 1745 539 1790 vero
565 1729 752 1789 Aniocbhm
776 1731 917 1788 venerant
941 1729 1070 1788 nonnulli
1095 1722 1178 1791 «iai
1247 1715 1254 1724 ’

101 1825 300 1914 Ἰακώβου
319 1829 339 1888 1.
360 1847 388 1907 q.
408 1831 472 1890 velt
497 1834 581 1892 otiam
601 1849 622 1891 o
641 1833 756 1891 Jacobo
776 1831 836 1907 Ap.
858 1829 941 1888 cuiue
967 1823 1073 1890 mentio
1098 1847 1129 1890 v.
1150 1827 1181 1890 9.

105 1935 201 2010 faeta,
227 1934 272 1992 sio
292 1931 369 1991 enirn
390 1927 544 2014 ἔρχεσθαι
570 1926 641 1994 duri
662 1951 748 1998 aoros
768 1931 909 1992 interdum
935 1936 1089 2019 usurpuur
1112 1931 1183 1993 Xe-

106 2035 198 2110 mbplt.
225 2035 453 2115 tpropcffst,
474 2033 503 2094 1.
528 2035 576 2094 vel
602 2035 770 2107 simpliciter
798 2034 855 2112 (ex
881 2036 1020 2093 sententie
1047 2033 1181 2096 Galixti

105 2135 241 2210 Koppii
273 2135 432 2211 aliorum:
450 2139 499 2195 cb
532 2123 567 2195 e'o
592 2138 674 2214 loeo,
699 2139 734 2195 tc
759 2151 819 2212 utto
844 2137 978 2196 Jacobur
1004 2141 1182 2198 emmim

106 2237 276 2316 (meroes.)
298 2239 353 2294 ofr.
374 2237 584 2315 Morc.6‚35.
605 2241 662 2311 qno
683 2235 767 2294 simui
786 2236 936 2313 innuatur,
963 2253 1015 2296 eos
1037 2255 1102 2296 cnm
1123 2240 1181 2298 Je-

107 2339 180 2397 eobo
201 2337 385 2396 familiariter
406 2353 473 2395 esse
494 2343 641 2415 versatos,
668 2339 733 2396 sive
753 2337 883 2397 eiusdem
904 2341 995 2396 fuisse
1015 2339 1180 2412 iisctpnbs.

106 2441 162 2500 llis
181 2455 284 2512 parum
303 2439 475 2512 probabatur
496 2441 669 2498 censorium
698 2439 839 2497 familiare
860 2455 925 2498 cum
945 2427 1182 2500 litbnico-cbri-

106 2541 220 2616 sticum,
246 2540 386 2614 nomnen
413 2541 461 2599 vel
488 2541 517 2598 ln
543 2541 579 2600 iis
610 2557 685 2615 queo
707 2542 824 2599 decreto
850 2541 1042 2613 Hierosolym.
1069 2543 1181 2601 consti-

106 2647 178 2702 tuta.
197 2643 314 2700 fuerent
354 2633 418 2700 ncn'
436 2643 677 2719 acquiescebant,
709 2641 747 2700 tle
779 2641 951 2700 necessitate
983 2643 1181 2703 observentias

106 2743 185 2822 legis
204 2743 283 2802 ltios.
303 2745 437 2802 severius
456 2745 631 2822 iudicantes,
658 2743 708 2800 vel
727 2741 1051 2803 litlinico-Ohiistianos
1071 2746 1180 2803 Antio-

108 2845 219 2904 chenos
247 2845 364 2904 liberius
396 2846 549 2904 sentientes
583 2845 789 2904 conditionibus
813 2845 870 2904 illis
898 2846 929 2905 in
961 2847 1078 2904 decreto
1108 2859 1181 2920 pro·

106 2945 210 3022 positis
230 2963 287 3005 non
307 2941 427 3019 prorsus
453 2947 624 3005 satisfacere
643 2947 848 3024 intelligebant.
894 2949 995 3021 ltaque
1020 2951 1182 3021 separabo-

108 3065 175 3108 nem
200 3049 345 3124 urgebant
367 3049 727 3111 luniaco-Christianorum
754 3050 790 3108 ab
821 3049 886 3108 illis.
933 3049 1016 3118 Quod
1041 3051 1182 3109 iacobum

107 3151 221 3226 attinet,
248 3150 380 3208 nouimus
406 3150 532 3226 quidem,
564 3149 642 3207 bunc
669 3151 773 3221 Apost.
799 3151 891 3208 cisse
916 3151 1118 3222 procliviorem
1144 3153 1182 3212 el

107 3251 325 3310 concedentium
346 3251 452 3326 aliquid
471 3251 777 3310 lucsco-Christianis
798 3251 1006 3328 severioribus,
1032 3252 1111 3314 Acte.
1126 3256 1182 3335 16,

107 3352 160 3412 12.
172 3367 234 3428 sqq.
248 3355 305 3432 21,
323 3353 445 3430 itaqu.
488 3355 633 3428 Attamen,
657 3354 683 3412 si
703 3352 832 3410 lacobus
855 3353 947 3428 (quoti
968 3355 1094 3412 nonnulli
1114 3358 1182 3414 eri-

106 3454 239 3530 eiiment)
266 3453 423 3528 discipulos
448 3455 513 3513 illos
536 3461 701 3530 propterea
729 3453 889 3530 legavisset
920 3456 1117 3534 Antiochiam,
1150 3462 1182 3518 ut

106 3557 252 3628 separatio
284 3555 335 3614 ille
360 3557 510 3632 existeret,
542 3559 627 3630 ablue
654 3571 811 3616 successus
838 3557 1018 3614 institutionis
1043 3551 1211 3618 Patrllnae‘

104 3657 308 3733 impediretur,
330 3637 386 3716 non
408 3659 578 3735 dubitasset,
599 3658 713 3736 opinor,
737 3659 897 3731 Apostolus
918 3663 1017 3716 contra
1040 3661 1182 3720 iacobum

106 3759 209 3816 mem
229 3737 375 3834 gravitate
394 3756 557 3835 insurgere,
578 3777 634 3834 qna
650 3762 766 3819 Petrum
787 3761 903 3820 notavit.
945 3761 1048 3838 Neque
1068 3764 1182 3820 omnino

106 3873 145 3915 ex
166 3859 330 3917 nmatione
351 3859 473 3917 Paulina
494 3861 593 3936 colligi
614 3861 711 3937 debet,
738 3862 868 3922 homines
887 3863 966 3938 illos,
994 3878 1181 3936 quaecuuque

106 3959 283 4020 Antiochiae
302 3961 440 4019 docerent
460 3966 489 4018 et
509 3965 654 4037 facerent,
674 3977 802 4037 proretae
823 3982 866 4024 ec
886 3951 984 4026 mcccc
1004 3966 1111 4023 Jacobs·
1131 3968 1180 4023 fe·

106 4061 185 4120 cisse
206 4066 235 4121 et
255 4063 401 4121 docuisse.
436 4061 498 4120 Cir.
517 4063 640 4134 Knapp
661 4066 777 4138 scripto
796 4068 875 4125 cciii
895 4069 1062 4140 armamenti
1080 4067 1180 4124 calb

103 4178 136 4238 p.
155 4164 236 4221 460.
251 4176 315 4239 sqq.
357 4161 517 4223 Koebler
541 4165 676 4226 Verruci
696 4168 771 4224 tiber
792 4169 840 4227 dte
860 4166 1109 4243 Abfcscuccuactt
1128 4170 1183 4225 der

104 4265 221 4340 epistol.
249 4262 406 4340 Sobrilion
435 4267 479 4330 im
506 4267 545 4325 Ν.
569 4270 603 4327 1¹.
629 4283 662 4343 ρ.
681 4269 733 4327 21.
754 4283 817 4346 sqq.
869 4271 1003 4330 Forsitan
1033 4269 1076 4328 illi
1100 4263 1177 4331 o'ai

251 4368 254 4374 '
872 4363 923 4433 ito
939 4367 968 4426 u
