2744 4824
512 397 829 488 Prolegomenu.
1129 395 1208 470 801
1307 377 1313 391 ’

139 577 179 638 so
203 567 312 638 rouo
340 571 416 659 (ep.
446 568 503 634 aa·
519 567 603 638 eat.
624 563 729 658 ιι.)
756 571 800 638 ιι
829 587 872 638 so
898 530 1213 657 sumtuose

1 708 6 736 r
139 671 321 742 Beruubas
353 673 487 759 quidem
509 677 544 738 et
563 670 692 741 Penius
711 671 888 760 Etdoecrh,
909 667 1034 740 Petrus
1059 670 1215 741 Jecchus
1280 755 1283 762 ⁴

1 781 2 786 ’
139 780 179 842 et
198 772 352 842 Jounucs
371 773 515 842 deducis
544 774 589 840 ed
611 773 781 842 Christum
810 775 1047 844 convertendis
1073 791 1213 862 operum

140 897 239 944 suem
261 874 475 961 addicerent,
496 876 659 963 posthuo,
687 874 745 944 ubi
772 875 975 946 Antiochiae
1004 883 1212 960 versaretur,

140 999 183 1045 se
195 977 254 1044 'ite
275 976 473 1046 subduxerit
494 985 530 1044 et
550 976 786 1063 segregaverit
806 999 829 1044 u
842 976 1044 1046 Christianis
1058 1000 1124 1045 non
1146 977 1212 1046 cir„

1 1143 3 1157 ,
141 1079 320 1166 cumcisis,
347 1085 386 1146 ut
407 1079 701 1166 reprehensionem
722 1076 822 1146 Pouli
846 1079 1058 1150 incurrerett
1101 1080 1213 1157 Quum

1 1237 3 1246 ι
139 1182 268 1250 Petrus
289 1181 375 1248 setis
396 1180 453 1248 diu
481 1180 614 1247 omnino
643 1180 832 1248 dubitasset
859 1184 901 1250 de
929 1179 1118 1250 homiuibus
1145 1203 1214 1250 nou

143 1282 356 1352 circumcisis
377 1282 411 1348 in
433 1288 567 1350 coetum
589 1281 755 1350 cultorum
776 1281 903 1350 Christi
923 1282 1140 1370 recipiendis,
1161 1282 1214 1350 fe·

140 1385 210 1462 cite
232 1383 306 1452 deri
334 1391 486 1472 poterut,
513 1393 567 1470 ut,
596 1406 787 1473 quanquam
813 1382 956 1460 meliore
981 1386 1123 1452 edoctus
1144 1405 1214 1476 pro

139 1509 208 1556 oeta
227 1489 337 1578 ipsius
352 1489 579 1577 peomurr’cne
592 1485 757 1555 Ethnicos
769 1483 914 1554 Judueir
935 1509 1039 1574 peres
1060 1487 1212 1566 heberet,

139 1588 346 1658 Antiochiae
374 1595 486 1656 temen
515 1587 602 1674 (sive
636 1587 703 1656 huc
731 1587 883 1659 venisset
910 1597 1005 1668 unte,
1033 1589 1107 1670 sive
1134 1597 1214 1676 nost

142 1700 346 1760 conventum
365 1689 742 1778 Hierosolymituuum)‚
762 1690 819 1758 uhi
839 1689 1212 1760 dudeco-Christianos

141 1793 334 1862 severiores
363 1791 509 1879 opinioni
530 1790 635 1860 Petro
656 1789 735 1878 ohim
755 1790 922 1878 prohetae
949 1791 1075 1860 ecriter
1096 1791 1213 1860 inhue-

140 1903 258 1964 rentes
280 1894 507 1982 cognovisset,
529 1896 572 1961 ud
595 1915 712 1962 eornm
733 1893 847 1961 studio
865 1894 1079 1983 de'quoordr'u
1098 1897 1215 1988 mogr‘s
1274 1973 1277 1980 ¹

140 2019 179 2064 se
209 1997 491 2087 accommodaret,
519 2017 637 2088 quum,
664 1999 752 2085 quod
773 1993 882 2062 Peulo
915 1994 974 2062 illo
1002 1995 1214 2082 potissimum

140 2098 220 2167 ioco
240 2106 291 2172 ,et
323 2105 474 2186 tempore
509 2096 722 2186 preberetur.
780 2097 938 2167 Ceterum
972 2096 1102 2165 Paulus
1135 2098 1212 2178 loco

140 2199 235 2268 leuel.
257 2202 300 2268 de
326 2207 498 2287 tempore,
526 2221 592 2288 qno
618 2200 758 2268 Petrum
785 2197 986 2269 Antiochiae
1014 2195 1126 2286 palem
1153 2222 1214 2267 uo·

141 2302 289 2389 tuverit,
316 2302 399 2368 nihil
421 2301 567 2388 definiit,
594 2321 659 2370 uec
679 2299 778 2370 video
786 2349 797 2392 ,
825 2299 904 2389 quid
928 2300 1131 2386 Apostolum
1159 2323 1213 2372 se·

141 2405 226 2474 riori
254 2411 367 2472 estete
394 2411 474 2490 post
501 2406 686 2473 secundum
716 2403 782 2474 iter
803 2402 1009 2480 Galaticum.
1025 2404 1114 2475 hunc
1142 2405 1242 2490 epi.»

143 2505 267 2574 stolem
290 2513 483 2574 exorantem
504 2505 685 2592 prohibere
706 2504 867 2592 potuerit,
890 2524 955 2593 quo
978 2504 1088 2574 minus
1108 2505 1214 2594 iliius,

142 2629 231 2698 quac
265 2606 344 2674 clim
382 2607 493 2693 ipsum
530 2607 620 2676 inter
651 2607 857 2695 Petreioque
891 2604 1036 2694 fuisset,
1078 2615 1214 2676 contro·

142 2709 278 2780 versiae
306 2708 540 2778 Antiochense
571 2709 657 2798 (etsi
690 2710 758 2777 iem
786 2719 866 2776 uerte
899 2715 1102 2778 conventum
1130 2709 1212 2792 flie-

143 2810 438 2891 resciscoioisse
460 2811 685 2899 existimetur)
705 2810 741 2880 in
754 2811 820 2884 huc
838 2809 1000 2880 cretionis
1018 2809 1108 2882 serie
1121 2832 1214 2892 men«.

143 2914 270 2986 tionem
290 2912 456 2983 iniiceret.

626 3087 662 3176 ι.
692 3081 731 3156 4.

228 3217 470 3292 Diversissime
498 3229 611 3292 eutem
637 3222 672 3290 in
700 3227 1036 3312 utramquepartem
1064 3220 1215 3308 disputes

143 3327 217 3390 tum
240 3329 293 3390 est
314 3322 358 3396 de
380 3345 422 3392 eo
443 3325 622 3410 temporis,
650 3329 717 3413 qno
737 3325 867 3394 Paulus
887 3323 1022 3394 litterus
1044 3323 1088 3391 sd
1110 3321 1215 3390 Gulu-

142 3430 199 3492 tus
221 3424 372 3512 dederit,
394 3425 529 3513 iudicio,
550 3427 639 3514 qnod
660 3450 691 3494 c.
709 3424 745 3492 2.
765 3449 799 3495 v.
817 3428 852 3494 1.
873 3426 1080 3504 contineturr
1102 3423 1216 3494 ἔπειτα

142 3522 201 3594 διὰ
226 3525 473 3618 δεκατεσσάρων
492 3529 574 3596 e'roiv
594 3525 695 3598 πάλιν
715 3523 838 3616 ἀνέβην
859 3525 904 3608 εἰς
922 3523 1134 3618 Ἱεροσόλυμα
1148 3535 1216 3598 eto.

142 3627 199 3695 Ex
219 3648 286 3715 quo
308 3635 459 3718 tempore
478 3629 605 3726 Peulns
618 3629 753 3700 Christo
774 3653 896 3702 nomen
917 3631 1070 3718 dederet,
1091 3643 1217 3722 quotes·

143 3728 319 3816 profectus
347 3739 408 3800 est·
428 3732 705 3822 Ho‘erosolymos,
729 3735 886 3824 pennen
914 3753 1002 3802 enno
1028 3741 1107 3820 post
1134 3752 1215 3800 con·

144 3831 335 3904 versionem
357 3833 459 3904 ¹tertio
479 3833 595 3917 (Aac.
611 3831 649 3921 9,
664 3833 729 3904 26.
750 3835 803 3902 ad
816 3831 900 3903 aas
918 3835 954 3921 1,
967 3831 1055 3922 te),
1075 3834 1215 3922 mendo,
1301 3853 1303 3864 ⁴

143 3954 248 4021 quoru
278 3933 459 4018 beneficis,
486 3935 605 4025 quihus
627 3936 760 4024 inopine
787 3935 1117 4014 Christianorum'in
1149 3933 1214 4004 Ju-

143 4035 237 4101 duee
260 4035 469 4106 versantium
497 4059 631 4104 cunone
658 4040 918 4126 ingravescente
946 4046 1216 4116 succurreretur,

143 4135 347 4205 Antiochiae
370 4137 514 4206 collecto
531 4138 787 4224 Hierosolymcs
809 4140 971 4229 deferret,
993 4140 1114 4209 comite
1128 4141 1215 4209 Bur·

102 4325 104 4330 ¹
142 4235 236 4306 nobe
255 4237 370 4324 (Acer.
393 4240 454 4327 tt,
472 4237 538 4308 29.
555 4240 652 4332 dh),
671 4248 780 4314 much
799 4245 886 4331 orbo,
905 4250 944 4312 ut
965 4241 1145 4314 conventui
1165 4240 1216 4310 iu·
