2724 4826
177 369 253 438 loo
322 371 431 460 Epist.
446 370 472 437 1.
493 373 537 438 erl
559 369 731 438 Thessali.
754 371 793 438 G.
806 369 868 438 111.
891 369 934 441 V·
957 367 1105 439 9-11.

172 548 267 605 entes.
291 541 402 633 πάσῃ
431 545 502 604 setis
523 545 626 604 elucet
675 548 751 608 vob.
779 540 1013 626 ἔμπροσθεν
1043 545 1113 604 rod
1142 543 1240 606 drusi

141 683 143 689 ι
172 648 300 720 plerique
314 648 373 704 iutt.
389 662 455 704 cum
474 649 587 723 χαρᾷ
610 649 727 720 propius
748 649 934 725 coniungunt,
954 653 987 704 ut
1006 647 1063 703 hac
1083 646 1244 718 periphrasi
1341 733 1342 736 Ἴ

170 749 278 806 laetitia
298 749 345 804 vel
364 763 499 828 masma,
521 751 569 806 vel
587 751 657 827 piu,
679 751 741 806 lieo
762 750 895 824 probate,
915 750 1107 822 praedicetur.
1128 783 1130 790 ,
1150 749 1240 806 Attu-

173 865 254 924 men,
274 864 346 921 quae
367 865 455 923 supro
475 851 512 908 ad
535 865 560 906 c.
578 845 609 910 1.
630 867 659 906 v.
673 849 704 906 3.
726 852 878 936 observate
898 856 979 924 sunt,
999 851 1115 925 ecdem,
1136 849 1244 924 opinor,

171 951 257 1008 huius
277 951 334 1008 loci
356 951 596 1008 constructionem
616 955 724 1009 rectem
752 953 897 1010 deliniunt.
946 951 1026 1009 Nihil
1046 952 1154 1023 obstet,
1183 965 1239 1024 quo

171 1053 265 1110 minus
285 1052 359 1109 haec
380 1069 416 1108 ex
436 1055 498 1124 ipso
518 1054 566 1109 vb.
583 1050 785 1130 χαίρομεν
805 1053 932 1124 pendere
952 1052 1161 1108 existimemusr
1182 1065 1240 1124 pro

171 1167 288 1212 suumne
309 1155 434 1232 taetitia,
456 1169 546 1228 quem
566 1167 609 1212 ec
629 1157 710 1213 votis
728 1156 871 1229 percipio,
889 1157 1036 1229 probante
1056 1155 1135 1210 dunc
1153 1153 1242 1210 taeti-

173 1257 246 1314 tiara
267 1253 360 1336 (pium
380 1255 501 1332 quippe)
525 1257 590 1316 Deo
610 1262 732 1335 nostro,
754 1273 778 1312 s.
801 1257 895 1330 (quod
914 1255 1010 1311 malim
1030 1253 1241 1312 zacheriae

171 1355 353 1433 adsentiens]
374 1357 441 1414 Deo
467 1364 571 1416 nostro
598 1361 709 1418 scisma
715 1397 727 1435 ,
755 1361 828 1414 teste
855 1349 992 1414 invisibili
1020 1371 1100 1441 meae
1128 1353 1242 1429 gratie-

173 1473 237 1515 rum
267 1457 401 1532 actionis,
434 1458 510 1514 isne
536 1459 671 1516 laetitiam
699 1473 796 1515 coram
825 1461 887 1516 Deo
921 1456 1098 1514 montense
1148 1455 1243 1514 Aliter

173 1559 249 1616 euim
274 1563 445 1616 structuram
472 1559 558 1616 huus
583 1561 602 1616 l.
625 1560 772 1617 commode
798 1559 929 1630 expediri
954 1573 1010 1615 non
1030 1572 1126 1631 posse,
1147 1556 1241 1614 omui-

124 1681 125 1684 *
172 1675 266 1733 noque
286 1660 456 1732 Apostolum
481 1659 551 1718 lul
577 1660 614 1718 de
631 1663 771 1735 precibus
791 1661 852 1718 suis
878 1661 1036 1734 cogitasse,
1061 1660 1138 1730 pinna
1165 1673 1240 1734 gre-

171 1763 275 1820 tierum
296 1761 436 1818 actionem
456 1759 677 1857 ¹continentibus,
703 1762 770 1820 inde
796 1763 889 1834 petet,
917 1761 992 1833 quod
1013 1775 1050 1816 ex
1070 1761 1172 1817 eodem
1191 1761 1239 1818 vb.
1322 1799 1325 1804 -

172 1857 328 1940 χαίρομεν
348 1863 534 1937 grammatice
554 1864 693 1936 pendent,
718 1879 791 1935 quse
819 1862 913 1920 statim
938 1875 1017 1932 seqq.
1045 1877 1075 1916 v.
1096 1861 1147 1918 1⁰.
1176 1880 1240 1921 νυ-

174 1957 272 2028 κτὸς
298 1959 374 2020 ucri*
388 1967 444 2020 etc.
493 1964 648 2043 Reontio,
681 1979 737 2035 que
763 1964 842 2020 Deus
867 1963 1030 2034 imploretur
1057 1960 1113 2035 (sd
1140 1962 1241 2034 partic.

74 2071 80 2082 ‘
174 2058 320 2144 δεόμενοι
341 2064 432 2136 suppl.
459 2057 544 2139 πρδς
564 2057 658 2135 θεὰν,
678 2067 786 2124 itomm
799 2066 832 2141 1,
848 2063 920 2138 10.)
948 2061 1098 2134 indefessa
1118 2063 1241 2120 termule

177 2155 320 2230 venete
355 2161 421 2222 uui
452 2155 602 2244 ἡμέρας
628 2167 798 2224 describitur
825 2164 869 2238 [c.
888 2163 918 2220 2.
944 2181 973 2221 v.
990 2162 1055 2240 9.),
1084 2163 1241 2241 eodemque

174 2270 305 2340 intentu,
324 2265 484 2340 ardentior,
510 2267 647 2326 adverbio
668 2267 816 2338 dupliciter
839 2266 993 2336 composito
1021 2257 1241 2338 ὑπερεκπε-

175 2368 336 2448 procori:
356 2368 430 2424 ultro
451 2367 573 2441 ruodrun,
595 2383 677 2441 quum
690 2369 821 2442 maxime,
840 2369 965 2442 press.
979 2370 1013 2443 3,
1025 2370 1077 2426 2⁰.
1100 2369 1128 2424 1.
1145 2368 1242 2426 Tber-

176 2471 241 2528 eu.
257 2473 290 2546 s,
303 2471 354 2528 13.
386 2469 584 2526 rutenenses
611 2453 730 2526 nomer.
743 2471 776 2544 s,
789 2471 842 2527 ss.
892 2469 1048 2526 consuram
1068 2469 1243 2538 precedere

175 2572 221 2628 iris
243 2571 374 2628 delinimur
395 2565 451 2632 sic
473 2561 514 2626 τὰ
539 2571 608 2625 etc:
637 2577 672 2628 ut
693 2586 745 2628 cos
766 2573 896 2628 revisere
916 2571 1019 2648 liceat,
1050 2575 1093 2643 ct,
1121 2573 1149 2626 st
1169 2573 1243 2646 quid

175 2673 274 2730 adbuc
294 2667 424 2742 defuerit
442 2673 631 2743 pecuarium·
651 2679 785 2746 oestrus,
814 2671 861 2727 vel
890 2671 927 2726 ud
949 2670 1142 2744 coguitionem
1163 2673 1241 2730 inte-

175 2789 258 2848 grum
279 2775 308 2828 et
326 2773 524 2845 perspicuum,
553 2771 600 2828 vel
622 2774 659 2828 ad
679 2775 839 2830 firmitatem
859 2771 982 2828 fiduciae
1004 2770 1163 2845 [siquidem
1184 2789 1240 2832 nou

175 2876 336 2932 defuerunt*
346 2874 421 2930 inter
434 2872 574 2928 Thessali.
595 2867 805 2952 ὀλιγόψυχοι,
828 2887 853 2926 c.
866 2869 896 2927 ὅ.
908 2889 937 2927 v.
949 2871 1010 2947 14,
1031 2888 1150 2945 quorum
1171 2874 1240 2931 oui·

175 2976 214 3037 rui
234 2975 401 3046 praesertim
422 2973 640 3031 dubitationibus
661 2975 698 3032 de
719 2979 796 3031 sorte
818 2987 926 3048 eorum,
949 2975 997 3046 qui
1021 2977 1087 3030 ente
1113 2991 1239 3052 παρου-

175 3071 250 3136 ctuv
272 3075 379 3134 Christi
399 3074 474 3131 diem
496 3074 647 3150 obiissent,
671 3077 918 3146 perturbarentur,
944 3089 970 3130 c.
983 3070 1014 3130 d.
1036 3091 1065 3131 v.
1079 3075 1129 3132 13.
1150 3076 1243 3153 sqq),

175 3179 231 3238 boc
251 3179 391 3251 supplere
411 3177 544 3246 docendo,
565 3181 594 3232 et
614 3175 794 3234 consolando.
845 3171 1052 3260 Καταρτίζ
1057 3196 1132 3248 ειν,
1145 3170 1239 3234 ⁴iute-

175 3295 260 3356 grum
284 3296 309 3336 s.
337 3281 495 3350 perlectum
522 3269 667 3356 (ἄρτιον)
696 3277 834 3351 reddere,
860 3277 943 3349 quale
968 3291 1035 3334 esse
1060 3277 1159 3351 debet,
1184 3293 1241 3336 uou

174 3385 280 3439 enum
301 3381 338 3438 de
366 3382 452 3438 rebus
479 3378 626 3451 corporeis
646 3381 814 3453 usurpatur,
841 3393 870 3433 v.
893 3391 919 3433 c.
939 3379 1049 3436 Mettis
1060 3381 1099 3456 4,
1110 3379 1165 3437 21.
1186 3378 1243 3454 (de

174 3484 282 3540 retibus
301 3481 498 3556 reiciendis),
524 3481 666 3540 Herodot.
680 3481 699 3538 1.
717 3481 748 3536 ὅ.
770 3495 793 3536 s.
810 3479 893 3552 10⁶,
913 3479 965 3536 sed
986 3478 1070 3536 etiem
1091 3481 1128 3536 de
1148 3480 1242 3540 emmo
1300 3552 1303 3556 Α

174 3586 318 3655 rebusque
337 3584 374 3638 ed
387 3583 510 3638 animum
523 3581 725 3655 spectantibus,
746 3581 822 3640 Luc.
836 3583 870 3656 6,
883 3581 940 3638 40.
962 3581 1009 3640 Π.
1026 3583 1110 3639 Corr.
1124 3583 1242 3658 13,11.

176 3686 272 3743 Subst.
302 3673 510 3758 bestoppet
539 3682 647 3752 duplici
673 3680 757 3738 modo
784 3681 942 3754 genitivum
969 3696 1109 3752 personae
1130 3688 1179 3740 sut
1198 3683 1243 3742 rei

175 3784 332 3857 antecedit,
359 3784 464 3856 quippe
485 3783 533 3856 qui
553 3785 602 3840 cel
620 3797 680 3839 rem
708 3781 888 3840 hominemve
914 3783 1035 3858 indicet,
1061 3785 1111 3842 croi
1133 3771 1243 3856 aliquid
1297 3833 1301 3848 ,

176 3888 272 3960 deest,
297 3899 352 3957 quo
379 3883 537 3954 supplendo
567 3883 735 3960 (addendo)
759 3882 790 3940 in
816 3887 918 3940 statum
937 3885 1243 3964 consentiremus,

176 3988 267 4093 qpslis
287 4001 353 4043 esse
373 3985 488 4066 debeat,
517 3985 627 4043 Colore.
641 3987 673 4061 1,
691 3986 749 4043 24.
773 3977 831 4058 (rol
855 3973 1054 4060 ὑστερήματα
1076 3985 1141 4046 τῶν
1162 3985 1241 4047 ou-

176 4103 263 4168 ψεων
290 4086 347 4145 τοῦ
373 4085 520 4160 Χριστοῦ
548 4085 567 4142 i.
597 4102 624 4158 q.
650 4086 816 4144 vexationes
842 4085 981 4156 Apostolo
1005 4090 1122 4157 propter
1151 4088 1244 4146 Obri-

101 4173 104 4182 ’
176 4195 250 4248 stum
269 4187 446 4260 telenense,
468 4201 540 4260 quae
560 4187 654 4244 adhuc
674 4188 791 4261 desum,
818 4189 850 4244 ut
869 4199 1003 4245 mensus
1022 4187 1124 4246 barum
1145 4203 1241 4248 vexa·
