2596 4838
180 375 336 466 Epistola
357 377 401 442 sd
422 373 579 442 Galatas.
604 373 644 440 G.
657 371 717 442 Vl.
746 370 789 442 V.
806 369 988 444 1145.
1022 367 1124 438 ‘6⁰7

48 553 149 616 nendi.
193 553 270 612 Cirr.
290 551 434 626 Borger
460 554 489 608 et
514 547 682 610 litickert
705 547 743 606 ed
765 547 795 606 tr.
815 547 835 605 1.
884 547 934 606 Ac
959 544 1127 606 sententiam

25 687 27 720 i
46 655 251 718 tuumrsnoom
269 653 318 711 vti
338 653 368 710 1.
383 655 467 712 Gom.
481 651 515 730 1,
527 653 579 710 17.
591 653 644 710 23.
654 653 689 730 2,
699 652 731 709 2.
766 649 1004 716 commemoratio
1021 647 1131 706 Christi

47 761 82 818 tn
104 771 194 816 cruce
214 755 320 814 mortni
340 753 429 812 troile
448 751 611 810 adducebat
630 767 667 810 ex
687 766 767 810 more
784 751 932 827 cogitandi
947 754 977 808 et
995 749 1131 823 loquendi

25 860 174 926 ¹Paulino
204 857 343 928 tropicam
377 855 456 912 illem
490 853 631 912 moriendi
664 853 826 928 notionem,
859 867 943 924 quom
975 865 1065 923 supro
1089 851 1132 924 11,

51 962 106 1020 19.
124 959 175 1018 2⁰.
197 957 406 1035 cognovimns,
425 955 474 1012 obi
494 953 597 1028 Apost.
616 956 810 1034 prpoteounr,
830 969 864 1011 sc
883 952 945 1029 legi
964 953 1043 1012 Mos.
1063 969 1131 1012 esec

25 1099 26 1108 κ
52 1066 216 1135 mortuum,
242 1056 333 1117 veluti
360 1071 426 1115 eom
455 1055 570 1115 Christo
596 1055 627 1114 in
653 1069 768 1116 erucem
788 1059 900 1136 ectum,
925 1055 945 1114 i.
967 1069 994 1112 e.
1013 1071 1063 1134 sc,
1090 1071 1131 1114 ox

25 1199 26 1208 κ
53 1179 115 1239 qno
134 1167 259 1233 tempore
278 1160 381 1218 iesum
401 1159 431 1216 in
459 1173 549 1216 crnco
568 1160 711 1216 mortuum
731 1161 812 1216 recte
832 1154 1021 1232 cognovisset
1044 1157 1131 1216 salu-

53 1266 94 1322 tis
119 1278 209 1322 veros
239 1263 402 1336 auctorem,
433 1273 553 1330 prorsus
579 1257 721 1317 obiecisse
751 1258 899 1330 pristinam
927 1257 1074 1334 cogitcndi
1100 1263 1130 1317 et

52 1363 198 1425 sentiendi
223 1364 377 1436 rationem,
404 1362 451 1418 cni
477 1359 543 1419 olim
568 1363 701 1434 mnqnom
721 1359 852 1418 Judocus
878 1363 957 1418 esset
983 1358 1131 1418 addictum

56 1460 108 1524 δι’
133 1454 174 1526 οὗ
196 1459 279 1542 ἐμοὶ
300 1467 357 1520 etc.
400 1462 547 1521 sententis
567 1459 645 1518 hond
665 1464 802 1538 mutetur,
828 1458 893 1518 sivo
912 1475 1069 1532 pronomen
1092 1447 1132 1520 οὗ

56 1567 176 1640 propius
203 1566 242 1623 sd
268 1563 428 1623 subiectum
455 1562 634 1639 Χριστοῦ
660 1563 809 1640 retuleris,
838 1561 903 1622 sivo
928 1561 967 1620 so
992 1563 1131 1620 remotius

57 1665 249 1745 σταυροῦ.
290 1664 372 1733 Ques
392 1665 422 1723 ir.
441 1664 461 1722 l.
482 1667 562 1723 tsots
580 1663 794 1740 praedicentur,
824 1663 933 1736 puriter
958 1663 1016 1722 diei
1042 1668 1130 1736 pote-

56 1773 121 1830 rent
142 1769 246 1826 effecto
264 1781 318 1839 per
337 1770 457 1824 mortem
473 1765 547 1824 Jesn
569 1767 726 1842 eruentem,
746 1755 832 1840 etque'
851 1779 905 1838 per
923 1765 1016 1837 ipsum
1038 1765 1130 1824 chri-

56 1875 132 1930 stum
159 1872 299 1943 quotenos
317 1867 346 1926 in
368 1883 458 1928 eruco
477 1871 523 1926 est
541 1871 680 1926 mortuus.
731 1861 896 1948 Κόσμος
921 1867 952 1924 in
979 1865 1017 1924 N.
1037 1867 1072 1924 1⁴¹.
1099 1870 1131 1942 et

57 1975 96 2032 dc
121 1971 288 2032 mmmm
312 1974 467 2042 usurpetur
490 1967 630 2045 profanis
657 1967 791 2046 (oppon.
819 1969 857 2027 iis
882 1966 934 2042 qui
958 1983 1011 2041 per
1039 1967 1130 2028 Chri-

59 2079 137 2132 stum
156 2072 216 2130 Deo
234 2075 302 2130 sunt
323 2071 504 2149 consecuti)
531 2070 581 2128 vd.
607 2069 645 2128 oo
665 2069 765 2146 1v,3.
781 2070 851 2142 obs.
867 2073 896 2128 et
923 2069 961 2127 de
988 2069 1130 2130 eiusmodi

64 2177 152 2234 raom
170 2189 206 2232 ac
224 2173 351 2250 uuam,
378 2187 457 2248 punc
480 2187 610 2246 prorsus
634 2174 736 2232 uticem
755 2177 827 2231 ment
847 2174 886 2232 ab
905 2173 1005 2230 indole
1025 2177 1056 2234 et
1075 2175 1130 2254 ip-

65 2277 148 2352 qcm'o
175 2277 285 2334 Cir-isti
310 2275 430 2347 eiusque
457 2273 605 2332 doctrinae
626 2277 655 2332 et
675 2274 874 2349 oeconomice,
902 2288 976 2347 quoe
1001 2278 1130 2333 tontum-

67 2377 147 2436 modo
168 2377 205 2434 sd
225 2380 345 2454 terrem,
372 2375 540 2434 felicitatem
559 2378 739 2451 terrestrem,
764 2389 868 2433 venem
889 2373 1035 2434 hominurn
1060 2376 1130 2436 lou-

63 2479 128 2536 dcm
152 2477 293 2550 pertinent
322 2479 351 2536 Ι.
367 2478 452 2536 Coro.
470 2479 504 2556 7,
522 2476 576 2536 31.
595 2479 648 2536 33.
670 2491 714 2552 sq.
751 2477 799 2560 ΙΙ.
819 2477 903 2536 Gerr.
920 2477 956 2556 7,
976 2475 1027 2538 10.
1059 2480 1130 2538 Joc.

62 2579 100 2658 4,
114 2578 150 2637 4.
177 2579 205 2638 1.
213 2565 267 2638 ⁴Jo.
278 2581 312 2657 2,
327 2579 379 2638 16.
393 2579 447 2640 16.
468 2645 471 2654 .
489 2580 525 2636 1n
544 2578 602 2636 hoc
622 2577 758 2662 orationis
785 2577 861 2639 serio
885 2577 1055 2651 praesertim
1080 2581 1131 2638 tc-

58 2680 154 2738 nendo
181 2679 353 2754 significatio
378 2679 535 2756 posterior,
565 2695 723 2754 mensuum
753 2679 833 2740 huni
859 2695 1014 2758 negemus,
1040 2683 1133 2744 dum

58 2783 97 2842 sd
117 2780 248 2840 homines
274 2779 381 2854 respici
388 2821 398 2858 ,
422 2785 561 2856 pnsum
586 2782 709 2859 Paulus,
736 2797 772 2840 ex
799 2796 855 2856 qno
883 2785 1018 2856 temporo·
1039 2783 1131 2842 Chri-

56 2885 135 2942 stum
156 2884 236 2939 rocte
264 2882 464 2959 cognovisset,
492 2896 550 2942 non
577 2883 699 2956 emptius
724 2885 862 2957 penderet
888 2898 926 2942 ex
952 2882 1131 2957 opinionibus

58 2989 89 3042 et
107 2981 226 3042 iudiciis
245 2981 391 3042 hominnm
412 2987 607 3056 profanorum.
645 2977 925 3064 ’Eoruriporcs
951 3001 1004 3060 pro
1032 2979 1130 3048 onc-

57 3084 312 3160 coraposito,
338 3086 479 3160 siquidem
504 3102 541 3146 ex
572 3101 608 3144 eo
628 3085 730 3144 mortis
755 3101 866 3164 genere
893 3087 970 3160 quod
996 3085 1129 3147 Christus

55 3185 88 3243 in
110 3200 201 3274 ornce
221 3185 306 3243 subiit
332 3202 422 3244 censo
447 3185 608 3264 derivetur,
642 3203 731 3262 qnare
757 3203 877 3263 prorsus
901 3187 1021 3246 desierit
1052 3205 1129 3266 pusc

55 3287 127 3344 olim
153 3289 232 3344 osset
262 3285 348 3344 Ponti
374 3300 440 3344 cum
465 3281 579 3370 κόσμῳ
616 3289 789 3349 coniunctio.
836 3290 920 3348 mec
950 3287 1027 3360 enim
1051 3291 1129 3350 notio

55 3389 198 3446 untvmss
221 3387 341 3446 nocuis
367 3392 483 3447 mutuae
515 3405 588 3464 queo
614 3390 682 3449 olim
708 3385 834 3470 κόσμον
859 3391 935 3450 iuter
960 3395 989 3450 et
1008 3391 1131 3452 Panium

55 3489 284 3571 (Phorissenm,
312 3487 483 3548 Christianis
504 3493 645 3550 vexeniis
671 3491 786 3550 leudem
805 3492 933 3566 synedrii
959 3497 1131 3570 captantem,

54 3593 130 3666 lege
149 3590 283 3650 Mosaios
303 3592 483 3650 observanda
502 3594 633 3652 tenorem
652 3592 709 3652 Dei
726 3594 914 3673 ambientem)
933 3595 1024 3654 inerit
1042 3610 1131 3670 pror-

54 3709 112 3752 sus
133 3692 269 3767 sublatos,
290 3691 417 3769 inrsgino
438 3695 538 3753 mortis
556 3693 683 3752 adhibite
704 3693 991 3774 (vd.11,2⁰.v,84.
1011 3699 1131 3758 Rmmu.

54 3795 139 3873 6,2.
152 3794 183 3850 6.
196 3791 303 3870 M.)
330 3791 522 3854 enuntietione
551 3793 718 3868 proponitur
743 3797 909 3873 reciproco,
938 3799 1051 3870 qualem
1081 3799 1132 3858 Jo.

54 3897 95 3974 6,
114 3896 168 3952 66.
194 3895 243 3952 Π.
258 3895 358 3954 nomo.
371 3895 404 3974 1,
417 3897 468 3955 12.
494 3894 620 3973 legimus
642 3895 736 3972 (qnod
761 3898 887 3972 Koppe
912 3897 1013 3958 Flstt
1038 3900 1132 3958 Bor-

55 4009 128 4072 ger
159 3995 291 4052 Winer
322 3995 484 4054 littckcrt
517 3997 669 4056 verissimo
698 3997 932 4077 intellexerunt)=
956 4015 1015 4074 per
1041 4015 1131 4078 quom

55 4095 207 4156 Christum
226 4098 408 4156 etmenden
426 4099 500 4157 miti
519 4102 553 4157 in
574 4108 694 4159 meconi
713 4104 800 4159 octos
820 4105 865 4160 est
885 4105 915 4159 et
935 4115 988 4179 epo
1008 4103 1130 4162 murto.
1159 4165 1160 4172 χ

55 4197 149 4257 Alter
167 4211 221 4270 pro
241 4195 459 4260 mortuo‘hsiot
478 4199 607 4260 uterum.
655 4201 709 4258 lile
734 4217 833 4260 rernm
856 4205 1036 4266 terrenorum
1062 4207 1129 4260 stu-
