2740 4828
503 317 811 450 reelegimus.
1159 355 1187 428 9

123 535 332 605 anctoritate
349 531 476 602 Christi
498 533 649 619 dederat,
671 539 805 604 strenue
826 529 1012 614 servandis,
1033 549 1187 619 praeser-

125 639 186 706 tim
208 640 252 706 do
274 634 437 722 fugienda
457 636 681 722 scortatione,
710 638 749 703 de
769 634 976 706 liberalitato
997 655 1080 719 erga
1101 630 1188 698 elios

125 739 340 807 Christianos
367 737 479 823 magis
504 738 679 826 magisque
711 737 932 825 perficienda,
964 736 1006 804 dc
1033 732 1191 819 negotiis,

126 865 213 931 quae
235 838 357 928 cuique
379 847 589 927 competant,
615 836 794 928 tranquille
819 847 856 908 et
881 837 1000 908 sedulo
1025 853 1190 924 peragen-

126 943 189 1009 dis.
234 939 413 1029 c.1v‚v.
439 939 582 1009 1—12.
624 941 805 1008 Refutatur
824 941 945 1010 deiude
966 959 1057 1007 vana
1077 957 1191 1002 eorum
1309 945 1312 952 ⁴

126 1043 315 1128 dubitatio,
357 1042 413 1131 qui
452 1051 577 1110 sortem
617 1042 882 1109 Christianorum
926 1047 1006 1107 autc
1047 1035 1191 1104 reditum

127 1144 257 1214 Christi
286 1152 492 1212 mortuorum
521 1143 721 1212 deteriorem
751 1143 825 1211 fore
852 1139 1090 1209 existimabant
1115 1157 1193 1202 cou-

127 1247 256 1314 ditionc
278 1253 485 1332 ceterorum,
513 1245 624 1334 quiin
652 1253 747 1312 terre
773 1245 973 1334 superstites
1000 1246 1115 1309 esseut
1141 1234 1195 1303 fu·

125 1347 326 1437 turiusque
354 1349 398 1414 ad
426 1348 613 1438 παρουσίαν
632 1346 837 1415 serraturis.
887 1347 1014 1414 Sancte
1040 1340 1195 1408 addi-mat

126 1449 278 1536 Paulus,
299 1448 497 1536 Dominum,
525 1449 583 1516 ubi
603 1449 752 1536 uenerit,
780 1447 928 1516 eiusdem
956 1447 1046 1515 uitae
1073 1445 1195 1512 beatae

128 1560 304 1620 auctorem
327 1551 401 1618 iore
421 1546 573 1620 omuibus
596 1551 686 1618 reris
713 1551 819 1639 ipsius
840 1548 1082 1637 sectatoribus,
1108 1567 1196 1612 mor-

128 1654 200 1720 tuis
241 1652 371 1740 puriter
410 1643 510 1744 utque
554 1653 588 1719 iu
638 1661 732 1720 terra
777 1651 1002 1722 versantibus.
1062 1649 1101 1716 Ο.
1133 1644 1196 1732 IV,

128 1777 164 1824 u.
196 1747 379 1820 13-18.
427 1753 656 1843 Aequicsooro
690 1755 784 1823 iubet
808 1753 1020 1822 Christianos
1053 1771 1134 1818 suos
1162 1748 1197 1814 in

130 1855 387 1942 exspectatione
419 1855 627 1943 certissimo,
659 1857 854 1933 Dominum,
887 1863 1037 1942 temporo
1065 1851 1198 1943 quidem

132 1955 324 2025 homiuibus
344 1957 532 2046 incognito,
554 1958 724 2047 inopinato
752 1967 787 2028 ct
808 1957 918 2026 subito
946 1957 1095 2024 dedebent
1120 1971 1197 2022 csse

133 2067 328 2142 venturum
353 2061 536 2148 docetque,
563 2081 629 2128 nou
652 2083 746 2148 esse,
774 2062 861 2151 quod
884 2058 942 2125 illa
969 2055 1095 2124 Christi
1117 2079 1199 2142 aep-

132 2161 250 2246 ouoiu,
278 2160 419 2227 forsitan
436 2183 546 2252 prope
573 2162 736 2249 instante,
764 2163 993 2251 exspectanda
1013 2159 1103 2226 anxii
1124 2160 1200 2224 red-

134 2265 258 2330 dantur
285 2267 321 2331 ct
351 2261 504 2349 solliciti,
539 2263 569 2330 si
596 2266 695 2330 ruodo
724 2263 867 2331 animum
897 2267 1033 2329 servent
1059 2258 1201 2346 vigilan·

134 2373 219 2451 tom,
247 2363 407 2432 adventui
434 2364 555 2433 indicis
580 2365 666 2432 bene
687 2374 944 2456 praeparatum,
974 2369 1068 2431 recte
1095 2362 1202 2427 lacto·

133 2489 207 2534 rum
231 2466 296 2532 sibi
319 2467 502 2534 conscium.
544 2466 584 2535 G.
606 2466 650 2553 V,
674 2491 707 2537 r.
727 2467 876 2534 ·1-·tt.
921 2467 1114 2556 Sequuntur
1140 2462 1202 2529 ite-

133 2591 208 2636 rum
237 2567 325 2636 varii
346 2567 481 2652 generis
501 2577 686 2656 praecepte
707 2571 751 2637 od
778 2569 878 2636 finem
899 2589 1006 2658 usquc
1028 2564 1202 2655 epistolae.

135 2671 176 2738 Ο.
197 2669 242 2756 V,
263 2692 297 2738 r.
323 2666 493 2736 18-98.
541 2668 639 2737 Haec
667 2671 779 2738 ornuia
803 2670 931 2739 Paulus
959 2671 1007 2736 ita
1032 2667 1203 2758 persequi-

134 2779 209 2848 tur,
237 2778 277 2837 ut
297 2769 401 2840 fedic
421 2778 553 2858 pateat,
582 2794 657 2840 eum
684 2771 833 2840 lectores
859 2771 1204 2841 mnae-cunma-
1273 2796 1277 2806 =

135 2894 197 2939 nor
216 2871 353 2961 (quippo
381 2873 436 2961 qui
459 2871 561 2958 longe
582 2873 743 2942 maiorem
766 2874 1008 2942 constituerent
1029 2873 1127 2940 huius
1150 2891 1205 2936 eo·

137 2973 266 3042 elesino
299 2977 450 3061 partem)
482 2995 565 3061 proc
604 2976 730 3044 ceteris
764 2985 843 3045 auto
883 2977 999 3045 oculos
1033 2972 1204 3040 habuisse.

135 3076 299 3144 Abstinct
325 3075 445 3164 quippe
473 3074 520 3162 (iu
554 3083 697 3167 utruque
725 3077 881 3166 epistola)
908 3077 1070 3146 eiusmodi
1098 3075 1206 3144 modis

137 3177 396 3262 argumentandi
425 3179 677 3268 contentiusque
704 3181 896 3268 propositas
924 3177 1134 3262 illustrandi,
1163 3177 1207 3243 ed

136 3277 270 3367 placita
296 3277 507 3367 indolemque
532 3279 742 3356 ludaeorum
763 3283 908 3350 maximo
935 3279 1208 3364 accommodatis,

138 3377 264 3469 quales
297 3378 375 3446 alibi
402 3378 597 3469 frequenter
625 3385 716 3470 apud
741 3384 884 3452 Paulum
913 3383 1110 3464 obueuiuut3
1144 3401 1209 3448 uec

138 3483 280 3566 laudat,
306 3502 369 3548 uec
395 3479 579 3567 allegorice
606 3491 732 3552 tractat
759 3487 864 3553 effata
892 3485 1018 3580 antiqui
1045 3483 1208 3565 foederisp

138 3583 339 3670 plerumque
361 3581 516 3670 cxcrnpls
537 3585 674 3653 adhibet
696 3594 731 3653 et
752 3586 929 3674 uocabula,
952 3610 995 3654 ex
1017 3587 1090 3655 uita
1111 3583 1210 3650 mori·

140 3685 271 3772 busque
300 3681 469 3748 homiuum
492 3685 701 3756 ethnicorum
724 3689 893 3771 desumtu3
921 3689 1136 3778 pluribusque
1163 3682 1211 3755 lo·

145 3786 197 3852 cis
219 3785 367 3856 lecturos
389 3791 546 3873 tanquam
564 3787 775 3858 Christianos
796 3813 838 3856 ex
860 3789 1001 3877 paganis
1019 3787 1212 3878 alloquitur,

141 3889 176 3956 Ι.
204 3885 373 3958 Theaua.
407 3888 448 3973 1,
475 3884 512 3954 9.
536 3886 577 3974 2,
604 3887 665 3956 16.
686 3888 727 3975 4,
748 3887 784 3956 5.
811 3890 872 3957 13.
919 3891 1005 3977 (cfr.
1033 3891 1213 3974 Burger·

143 3989 278 4054 houdt
301 4008 393 4074 spec.
415 3995 496 4054 uota
521 3989 554 4054 1.
576 3989 667 4058 laud.
689 4013 722 4078 p.
746 3989 810 4058 95.
833 3995 900 4082 sq.)
943 3990 1120 4082 Posterior
1140 3998 1213 4056 tau·

142 4099 216 4155 tum
250 4087 395 4176 epistola
422 4087 506 4176 (lap.
533 4088 579 4158 ll.
613 4095 777 4169 continet,
812 4115 915 4180 quac·
931 4092 1141 4161 Judaeoruuu
1172 4093 1214 4160 rlc

143 4191 277 4260 Messio
298 4188 475 4263 doctrinae
495 4192 634 4286 propius
655 4195 861 4268 cohaereant
881 4195 927 4286 (v.
952 4193 1125 4284 bald).
