2740 4828
287 423 708 516 Epist.1.ed'rhessall.
735 425 774 496 0.
797 423 842 496 11.
870 425 915 497 V.
938 425 1056 497 5-8,
1156 427 1210 498 o?
1288 471 1311 508 „-

138 579 203 682 oda
227 597 333 675 elnac,
365 597 546 683 ἐπιβαρεῖν,
572 615 602 660 r.
623 599 654 659 9.
684 603 733 662 Π.
750 601 893 686 meod.
914 605 948 682 d,
964 605 997 665 8.
1019 601 1213 684 nocopante

138 697 361 765 Ihcort'mhh.
384 704 512 782 12,16.
542 701 669 779 (sciehat
694 703 802 762 Paulus
830 721 962 762 manuum
996 705 1093 763 labore
1124 706 1216 768 victul

137 822 192 864 sno
213 805 395 880 prospicere,
416 821 468 880 ne,
494 820 567 877 quae
587 805 625 861 ad
644 805 733 862 vitam
754 807 967 863 sustentandam
996 794 1217 884 requirerentur,

138 907 276 979 accipere
309 907 427 964 deberet
458 920 478 961 a
510 907 638 964 coelibus
666 905 852 981 Christianis,
878 907 927 965 vd.
962 909 1008 966 Π.
1029 909 1130 967 Thena.
1150 909 1170 968 l.
1192 910 1214 969 l.

138 1009 169 1069 1.
186 1011 321 1086 Coruo,
336 1010 367 1068 d.
382 1007 488 1086 4,11.
515 1009 563 1069 ΙΙ.
582 1009 667 1067 Corr.
683 1008 737 1084 11,
750 1005 824 1085 a),
851 997 915 1066 nel
941 1007 1034 1084 (quod
1061 1008 1215 1066 Ambro-

138 1109 297 1185 siastcr,
323 1108 504 1183 Vitringa
529 1111 604 1167 obss.
625 1123 699 1164 sacr.
719 1108 739 1166 l.
760 1107 791 1165 d.
812 1123 838 1165 o.
859 1105 910 1165 25.
952 1109 1057 1167 Wolf
1080 1111 1111 1167 in
1138 1111 1217 1168 curis
1249 1094 1251 1100 ¹

139 1211 178 1268 ad
200 1211 229 1267 h.
249 1209 270 1267 l.
286 1205 450 1284 ¹lieuson,
470 1209 566 1286 Pelt,
587 1209 635 1267 alii
656 1191 856 1287 praeteruntjr
884 1213 1019 1286 quamue
1046 1215 1215 1270 auctorito-

139 1319 201 1372 tem
225 1327 385 1388 acapnum,
421 1317 567 1386 tanquam
596 1312 706 1372 cleron
739 1313 870 1389 leporina,
901 1327 1053 1386 usurpare
1085 1313 1216 1388 noctque

138 1415 295 1472 vindicare
314 1414 494 1492 protectorem,
519 1415 624 1486 ubique
644 1411 719 1468 hano
741 1413 908 1487 dignitatem
928 1413 1137 1488 praedicando,
1162 1429 1215 1470 se-

69 1579 73 1591 ,
138 1529 212 1572 vere
232 1513 409 1589 imperando,
430 1505 634 1571 comminando.
677 1513 965 1584 chrysostomus
987 1520 1016 1572 et
1037 1513 1215 1572 Oecume-
1237 1519 1244 1536 ⁴

139 1616 225 1675 aius
252 1619 400 1688 utramque
426 1617 593 1673 sententiam
613 1613 695 1671 alteri
723 1615 907 1690 coniungunt.
955 1615 1102 1673 Posterior
1126 1617 1215 1691 longe

140 1717 381 1775 accommodatior
409 1719 528 1788 apparet
557 1719 585 1774 et
604 1715 701 1774 verbis
722 1717 954 1774 antecedentibus
981 1719 1011 1774 et
1038 1734 1116 1792 seqq.
1147 1711 1215 1777 ἀλλ’

140 1814 335 1898 ἐγενήθημεν
360 1821 415 1875 ete.
450 1817 577 1891 nihilque
615 1818 762 1893 prohihet,
801 1832 857 1890 quo
890 1806 984 1875 minus
1014 1821 1144 1892 ploratu
1177 1819 1216 1876 ad

140 1920 277 1995 Paulum,
306 1918 501 1995 Timotheum,
528 1919 676 1977 Silvanum
705 1918 789 1976 simul
809 1923 956 1990 spectasse
977 1921 1168 1996 existimetur,
1188 1919 1215 1978 si

141 2021 226 2080 modo
262 2009 500 2080 duodecino
527 2036 615 2078 sensu
645 2021 739 2078 latiori
770 2019 938 2094 acceperis,
970 2019 1212 2098 Acer.14,14.

139 2123 234 2180 ltccte
261 2123 419 2180 docuerunt
438 2123 623 2196 interpretes,
648 2123 724 2194 apud
751 2124 887 2192 profanos
912 2119 1053 2178 interdum
1080 2115 1215 2202 βάρος
1324 2132 1328 2145 ·

141 2223 179 2282 de
198 2225 367 2281 auctoritate
388 2223 446 2281 dici
466 2239 490 2280 s.
512 2223 652 2299 dignitate
673 2225 800 2296 externa,
823 2237 896 2294 quae
915 2221 1005 2278 veluti
1024 2223 1135 2294 pondus
1155 2222 1214 2279 ha-

140 2325 216 2382 heat.
273 2325 334 2383 Otr.
359 2325 578 2399 wesseling
617 2323 654 2379 ad
681 2323 772 2383 Diod.
799 2323 862 2382 Sic.
889 2319 959 2379 lt.
994 2337 1019 2378 c.
1043 2321 1091 2380 61.
1141 2325 1215 2380 'l’ota

141 2423 257 2498 phrasis
289 2421 376 2486 claua
409 2427 442 2486 ἐν
472 2419 562 2505 βάρει
589 2425 732 2482 simillima
762 2427 806 2480 est
836 2423 878 2481 illi
911 2409 1047 2502 ἐγενήθη
1075 2420 1120 2483 ἐν’
1139 2418 1214 2511 δόξῃ

140 2520 292 2586 nacon.
305 2527 339 2604 3,
351 2529 384 2588 ⁷.
433 2528 518 2584 Haud
546 2528 631 2584 dnbio
651 2541 722 2583 vcro
743 2525 827 2582 etiam
848 2523 1020 2600 significatio
1042 2527 1141 2584 onorio
1167 2525 1214 2582 si-

141 2627 201 2686 mul
221 2627 393 2703 spectanda,
418 2631 555 2700 quatenns
577 2628 613 2685 de
634 2627 773 2684 eiusmodi
799 2627 894 2683 studio
920 2628 1097 2684 auctoritatis
1122 2643 1213 2684 usur-

140 2728 254 2802 pandae
280 2744 375 2785 sermo
406 2731 465 2804 est,
493 2729 568 2801 quod
596 2729 660 2786 aliis
685 2729 773 2786 facile
798 2729 947 2785 molestum
976 2729 1087 2786 evadat
1136 2729 1213 2786 Huic

140 2833 236 2886 autem
263 2829 376 2905 gloriae
410 2829 555 2886 terrestris
583 2830 730 2902 cupiditati
758 2831 905 2900 opponitur
939 2829 1027 2886 animi
1055 2825 1157 2889 sensus
1185 2835 1215 2889 et

141 2931 290 3005 adtectus,
317 2946 399 3004 quem
421 2931 527 2988 Paulus
548 2947 612 2988 cunr
634 2931 721 2988 sociis
741 2930 816 2988 inter
837 2930 976 2988 Thessali.
1004 2935 1034 2988 et
1060 2933 1157 2990 verbis
1185 2937 1214 2990 et
1249 2984 1251 2990 ,

139 3033 227 3091 tactis
248 3031 407 3088 declaravit
427 3024 495 3090 ἀλλ’
515 3021 711 3110 ἐγενήθημεν
726 3035 780 3088 etc.
804 3027 923 3108 ἤπιος
938 3031 957 3092 i.
971 3048 998 3106 q.
1016 3031 1103 3107 mitis,
1122 3051 1213 3106 prae-

140 3133 240 3191 sertim
261 3109 296 3188 in
312 3133 438 3189 terendis
460 3133 606 3190 erroribus
627 3137 655 3189 et
668 3131 745 3189 vitiis
760 3129 815 3208 (de
835 3135 997 3206 parentibus
1008 3135 1215 3212 potissimum),

141 3235 191 3294 Π.
206 3235 333 3294 umora.
346 3235 381 3311 2,
393 3234 452 3293 24.
475 3235 600 3292 Homeri
613 3233 668 3292 Od.
688 3235 723 3312 β,
737 3235 795 3295 47.
817 3236 960 3294 Herodol.
974 3238 1007 3312 d,
1019 3239 1072 3296 89.
1095 3237 1132 3292 al.
1153 3237 1213 3294 vd.

142 3337 336 3394 Wettsten.
357 3336 395 3391 ad
414 3334 443 3393 h
464 3334 484 3392 l.
507 3335 710 3393 'l'ittmanni
743 3335 815 3392 liber
835 3337 859 3394 1.
882 3337 918 3393 dc
938 3337 1103 3408 synonymis
1123 3337 1153 3394 in
1174 3337 1212 3402 Ν.

141 3439 178 3496 ⁸1⁸.
197 3452 227 3509 p.
249 3433 321 3494 1411.
342 3451 385 3510 sq.
431 3435 533 3496 Lectio
560 3426 710 3510 νήπιοι
740 3435 846 3512 (veluti
866 3439 963 3514 pueri,
991 3435 1127 3514 modesti,
1152 3437 1213 3495 hu-

113 3531 241 3615 ¹urilen,
267 3537 342 3595 inter
371 3553 426 3595 vos
450 3538 574 3615 inimus]
603 3539 633 3596 in
660 3537 826 3611 quibusdem
854 3538 937 3596 codd.
965 3537 1063 3613 bonu,
1088 3539 1213 3611 itemque

140 3639 170 3698 ln
189 3639 332 3698 nonnullis
351 3654 445 3696 verse.
465 3643 533 3696 vett
555 3643 721 3712 patrumque
742 3639 856 3712 scriptis
878 3641 976 3716 obvia,
996 3641 1141 3698 scribendi
1161 3638 1212 3696 vi-

139 3743 210 3800 dum
239 3741 364 3816 redolet,
391 3755 428 3798 ex
453 3741 549 3798 littera
582 3745 724 3812 postrema
749 3742 879 3798 anteced.
907 3735 1101 3821 ἐγενήθημεν
1127 3742 1213 3798 facile

141 3841 352 3915 explicandum.
393 3841 515 3901 Minime
535 3842 611 3899 enim
631 3857 721 3914 puero
743 3859 775 3900 se
795 3842 824 3898 h.
844 3842 864 3900 l.
891 3859 1058 3918 comparare
1084 3843 1212 3900 voluisse

140 3945 329 4021 Apostolum,
355 3959 434 4017 seqq.
448 3927 573 4018 docent,
597 3943 645 4000 ubi
665 3938 771 4001 Paulus
791 3945 903 4002 nutrica·
923 3946 1017 4016 potius
1038 3943 1158 4000 similem
1178 3961 1212 4001 sc

139 4047 310 4124 profitetur,
344 4059 442 4101 amore
477 4042 629 4102 tenerrimo
659 4046 765 4103 liberos
797 4046 913 4101 inventi.
954 4047 994 4101 V.
1017 4043 1045 4101 8.
1067 4041 1133 4110 Ὠς
1162 4039 1210 4106 ἄν

141 4127 297 4226 sponde
317 4149 373 4202 eto.
414 4144 735 4220 Existimamusqnippe
751 4163 816 4204 curn
838 4147 1093 4221 Griesbachio,
1113 4148 1210 4220 Kop-

140 4247 201 4322 pto
226 4247 363 4324 aliisquo,
388 4249 480 4307 verba
505 4241 549 4314 ὥς
575 4243 618 4309 ἄν
644 4243 764 4330 τροφός
788 4279 822 4290 -
849 4248 943 4308 τέκνα
964 4249 1002 4304 ad
1028 4265 1058 4309 v.
1074 4247 1103 4304 8.
1128 4251 1210 4306 relc-
