2684 4830
75 393 80 406 “
175 383 255 458 8911
311 387 465 481 Epistola
486 391 530 461 ad
552 385 706 460 Galatas.
735 387 773 457 0.
794 385 840 458 ΙΙ.
869 387 913 460 V.
939 385 1114 460 tlt-17.

176 577 225 622 res
238 561 306 623 Cirr.
320 565 498 626 'iittmann
518 565 548 624 ln
568 565 785 642 nescentiam.
803 581 836 640 p.
848 564 924 625 166.
944 561 1073 639 Knapp
1091 561 1123 623 in
1136 563 1251 641 aerip-

176 665 216 722 lie
240 667 319 724 corii
351 669 520 746 depromenti
550 667 652 726 edil.
678 661 797 738 paea.
818 681 861 740 sq.
906 665 1170 728 Rosenmiiller
1206 665 1255 726 ad

176 763 250 822 inl.
283 763 414 826 Winer'
448 768 616 834 lidekert
645 767 750 842 aliique
781 766 936 846 probant),
967 783 1004 828 ao
1039 767 1253 844 haecomnia,

174 863 253 922 finita
271 865 328 925 mm
349 869 511 934 narratione
531 869 744 930 controversiae
755 867 964 944 Antiochense,
982 866 1138 930 lectoribus
1158 868 1254 928 buius

174 965 327 1044 epistolae,
347 969 660 1032 ledaea-Christianis
680 967 854 1046 potissimum
875 969 905 1026 in
925 967 1038 1026 Galatia
1063 969 1253 1030 versantibus

174 1067 305 1126 dicantur
327 1069 418 1147 (qnae
437 1071 577 1135 sententia
600 1070 631 1128 in
652 1069 862 1128 commentariis
889 1067 1100 1132 oecumenil
1127 1069 1253 1132 Grotil

169 1167 330 1228 'semierl
354 1172 484 1244 Koppll
509 1171 712 1230 Matthlesii
743 1171 781 1228 al.
801 1171 991 1248 praefertur).
1037 1173 1072 1230 in
1091 1171 1158 1248 ipsa
1178 1171 1252 1250 qui-

174 1269 241 1327 dem
267 1272 343 1330 serie
373 1277 402 1331 et
427 1273 522 1331 indole
552 1272 755 1330 sententiarum
780 1270 866 1329 buius
896 1271 983 1330 totius
1013 1271 1149 1330 eedem
1176 1271 1251 1330 nibli

174 1375 309 1448 apparet,
329 1389 386 1448 quo
407 1373 573 1440 alterutrum
594 1377 674 1433 certo
695 1374 900 1446 comprobetur.
948 1372 1144 1448 omecunque
1170 1373 1250 1434 cuim

53 1475 59 1488 ·
175 1471 213 1528 ad
240 1473 325 1532 tinem
349 1489 442 1547 usque
467 1490 530 1546 cap.
556 1475 723 1551 obveniunt,
749 1473 858 1548 pariter
886 1473 1028 1532 inservire
1052 1477 1185 1548 poterant
1210 1475 1250 1533 lis

176 1572 356 1650 Galatarum,
379 1575 435 1648 qui·
447 1576 610 1636 doctoribus
629 1577 713 1638 vanis
733 1575 933 1637 necessitatem
954 1574 1181 1633 circumcisionis
1208 1573 1250 1636 ad

174 1674 296 1731 salntem
317 1677 545 1750 consequendam
565 1677 735 1754 urgentibus
755 1691 842 1734 aures
862 1676 949 1736 iacile
968 1676 1159 1753 praebebant,
1178 1693 1247 1737 me-

173 1773 247 1833 liora
267 1776 419 1854 docendis,
439 1783 525 1852 atque
544 1777 629 1836 Petro
651 1778 689 1838 ad
709 1777 902 1838 sinceritatem
928 1781 958 1836 et
976 1777 1135 1835 libertatem
1153 1777 1248 1860 inge-

174 1889 260 1933 nuam
291 1878 468 1954 revocando,
497 1879 666 1950 praesertim
693 1877 720 1934 si
744 1877 945 1954 perpenderis,
976 1879 1134 1937 orationem
1164 1879 1248 1938 Pauli

174 1976 213 2034 ad
232 1975 348 2035 Petrum
369 1993 468 2040 coram
486 1979 616 2057 pluribus
634 1978 758 2038 habitam
778 1979 864 2036 etiam
884 1977 941 2036 hoo
962 1979 1074 2056 egisse,
1092 1983 1125 2039 ot
1144 1979 1166 2038 il
1185 1979 1246 2038 Jo-

174 2077 395 2138 daee-Chrlstt.
414 2079 603 2158 antiocheni,
629 2080 678 2156 qui
703 2095 737 2140 re
761 2094 835 2138 vera
854 2083 1000 2156 putarent,
1026 2080 1171 2144 neminem
1189 2081 1248 2140 nisi

161 2175 375 2239 circumcisum
402 2183 465 2240 lieo
494 2197 614 2256 prorsus
638 2179 768 2258 probari,
792 2194 849 2238 neo
875 2180 1055 2239 simulatione
1080 2185 1189 2242 tautum
1216 2188 1246 2244 et

173 2281 252 2336 metu
273 2282 445 2340 consortium
464 2283 846 2344 niumm-christianorum
876 2281 1028 2358 tugerent,
1055 2283 1092 2340 de
1119 2285 1248 2343 umente

172 2377 261 2438 buius
280 2383 474 2454 persuasionis
494 2385 720 2446 admonerentur.
761 2383 867 2444 Parum
881 2383 1063 2456 probabiliter
1076 2398 1150 2443 vero
1164 2368 1248 2444 Pao-

173 2479 221 2540 los
241 2479 287 2539 iris
308 2485 424 2560 ppueis,
447 2499 520 2558 quae
540 2501 569 2544 v.
581 2483 631 2546 11.
651 2485 792 2566 legimus,
817 2483 1066 2562 reprehenderem
1086 2485 1167 2544 Petri
1185 2503 1245 2564 pn-

174 2581 278 2638 blicarn
299 2584 460 2642 absolvisse
480 2585 665 2644 existimatur.
705 2585 890 2658 Respondent
910 2585 1037 2661 uiridem,
1062 2586 1244 2666 Apostolum,

173 2679 229 2740 etsi
249 2685 308 2740 tum
328 2687 464 2758 temporis
483 2685 659 2745 Antiochino
679 2685 758 2745 haud
778 2686 863 2744 dubie
886 2702 1048 2747 sermonem
1074 2695 1245 2767 usnrpanet

173 2783 368 2862 prolixiorem,
387 2773 564 2847 narratione
583 2791 679 2849 termo
698 2785 784 2845 huius
804 2787 943 2846 sermonis
962 2788 993 2846 in
1014 2787 1135 2861 epistola
1147 2796 1244 2854 noma

174 2887 302 2945 breviter
322 2903 388 2945 esse
413 2891 593 2966 defunctum,
619 2905 730 2947 somnne
755 2891 863 2946 tentum
888 2889 1028 2949 sermonis
1052 2907 1078 2952 s.
1104 2894 1244 2952 sententia

172 2987 308 3060 primaria
346 3005 402 3064 qna
435 2990 641 3052 similationem
671 2989 750 3047 Petri
783 2994 914 3062 carperet
949 3005 978 3048 v.
999 2987 1050 3050 11.
1082 2990 1243 3058 indicanda.

174 3085 258 3154 Quod
278 3089 341 3148 deri
358 3092 491 3169 potuisse
511 3090 588 3149 hand
609 3091 785 3166 negaverim.
832 3093 944 3150 vernn
969 3092 1132 3170 enimvero,
1158 3110 1242 3169 quum

172 3189 347 3266 Apostolus,
372 3207 446 3264 quae
476 3191 555 3249 bono
585 3207 746 3250 sermonem
770 3193 974 3252 antecederent
1004 3192 1088 3266 elque
1112 3194 1243 3260 babendo

172 3291 408 3362 opportunitatem
433 3295 605 3372 praeberent
629 3310 657 3353 r.
679 3291 719 3350 11
731 3324 764 3336 -
776 3292 827 3350 11.
846 3295 969 3354 ebetius
989 3296 1170 3372 exposuerit,
1188 3312 1243 3356 nee

119 3439 122 3449 .
172 3391 262 3448 ullum
291 3393 427 3453 orationis
461 3399 599 3458 mutatae,
621 3393 680 3472 (ad
712 3393 829 3452 coines
859 3395 1054 3472 transeuntis]
1086 3397 1243 3475 vestigium

173 3507 203 3550 v.
223 3487 275 3550 15.
294 3499 447 3572 appareat,
473 3497 527 3556 sed
548 3497 582 3554 C.
599 3499 652 3555 [Π.
678 3495 792 3556 demum
812 3513 842 3554 v.
858 3494 888 3556 1.
914 3512 1010 3556 sermo
1035 3497 1140 3556 iterum
1166 3513 1242 3560 coa-

171 3595 303 3651 vertatur
322 3595 360 3656 ad
381 3597 503 3655 lectores
524 3595 677 3673 epistolae,
697 3598 872 3672 probabilius
891 3599 988 3672 unque
1013 3615 1043 3656 v.
1064 3595 1116 3657 111.
1135 3615 1242 3658 urra-

169 3694 277 3751 tionem
295 3695 372 3754 illim
393 3697 737 3759 orationlsAntlochenae
758 3699 940 3758 continuasse
960 3699 1148 3760 existimatur.
1180 3699 1243 3759 Ce-

169 3799 263 3854 teron
284 3797 466 3858 conteeanae
475 3813 572 3856 eorum
587 3799 659 3876 (etr.
678 3800 777 3860 illati
794 3803 948 3878 preelecti.
962 3803 1005 3859 ad
1018 3803 1107 3866 1111.
1120 3819 1154 3878 p.
1163 3801 1241 3882 70.)

171 3897 221 3970 qui
248 3913 409 3958 sermonem
439 3900 572 3972 Apostoll
604 3915 660 3974 quo
687 3902 804 3960 Petrum
832 3902 992 3980 corrigeret
1027 3919 1057 3962 v.
1076 3900 1129 3961 18.
1158 3903 1241 3962 deei-

12 4029 13 4078 .
87 4043 90 4049 .
170 4011 254 4074 nere,
281 4004 380 4060 cetera
410 4016 439 4062 v.
460 4001 511 4059 19.
531 4000 583 4060 10.
603 4001 654 4060 21.
685 4001 797 4061 (inlatis
827 4003 934 4076 scripta
961 4017 1028 4061 aaa
1058 4006 1241 4082 contendunt,

170 4097 202 4157 id
221 4099 345 4162 maxime
365 4104 467 4180 obstat,
486 4103 562 4180 qued
583 4103 694 4179 etipsa
713 4104 800 4164 totius
814 4105 971 4163 momntiae
990 4105 1111 4182 indoles,
1131 4111 1162 4165 et
1180 4121 1239 4164 vo-

172 4199 241 4262 cula
260 4193 335 4283 γὰρ
355 4205 494 4283 ostendit,
513 4221 630 4267 versum
650 4205 701 4265 19.
729 4221 796 4268 cum
817 4205 867 4266 18.
887 4206 1048 4269 arctissime
1073 4206 1240 4268 cohaerere
