2684 4830
177 373 261 478 ase
322 406 480 497 eatstan
501 409 545 478 aa
568 407 720 479 calatas.
748 408 787 516 .⁰·
809 407 854 481 11.
884 407 925 479 v.
944 403 1114 481 11·-14.

176 581 343 644 sententiam
363 601 392 643 v.
406 584 457 644 11.
476 585 628 659 separatim
649 583 819 662 enuntiaret,
844 583 875 644 id
898 597 986 643 untrm
1012 586 1078 646 vbb.
1106 575 1158 646 ὅτι
1178 605 1247 646 aa·
1330 617 1331 660 3

177 703 258 762 asyr.
284 671 325 758 ἦν
350 686 562 764 declaraturus,
586 688 703 748 Petrum
727 685 833 760 aliquid
863 687 972 747 lenisse
1001 686 1030 746 iu
1057 703 1112 762 quo
1138 689 1247 763 pelam

176 786 375 847 offenderetur.
415 786 549 865 Longius
561 789 649 862 petita
662 787 854 860 interpretatio
874 787 1073 848 nonnullorum
1094 789 1246 847 doctorum

163 890 245 958 ‚vett
265 886 314 960 qui
334 886 601 962 Theophylacto
632 891 753 948 testante
771 889 830 947 hoo
856 875 1112 972 ναεεγνωσμίνος
1133 905 1169 948 eo
1191 905 1245 947 re-

177 988 248 1047 terri
267 987 436 1066 voluerunt,
459 992 533 1066 quod
554 992 658 1049 Petrus
678 993 801 1066 propter
820 992 993 1049 consortium
1013 991 1158 1049 familiare
1179 1007 1245 1048 eum

177 1089 311 1148 Cornelio
333 1091 508 1169 eentumone,
526 1089 641 1151 homine
661 1108 718 1150 uon
739 1093 910 1151 circumciso
923 1090 1024 1170 (dett.
1046 1091 1174 1172 c.10.),
1195 1091 1246 1149 vi-

178 1195 327 1264 tuperatus
350 1192 438 1252 luerit
463 1207 483 1250 a
509 1191 678 1252 Christianis
697 1193 838 1254 Judaisml
863 1194 998 1252 studiosis
1024 1193 1098 1270 (quo
1125 1192 1246 1267 posthum
1330 1235 1331 1248 ,

177 1297 356 1370 moveretur,
381 1295 413 1352 ut
431 1294 606 1353 Antiochiae
630 1295 666 1353 lis
693 1296 822 1373 cederet,
847 1293 895 1370 qui
919 1295 949 1353 iu
976 1297 1118 1354 consortio
1145 1296 1245 1352 homi·
1330 1301 1331 1348 ξ

176 1409 244 1454 uum
264 1410 322 1454 nou
343 1395 577 1455 circumcisorum
603 1397 805 1474 offenderent.)
854 1396 921 1457 Nec
946 1411 1026 1473 eam,
1049 1413 1135 1472 quam
1160 1396 1246 1453 Am-

178 1495 270 1558 bros.
295 1495 392 1558 inesse
417 1499 540 1576 putavit,
565 1500 747 1556 sententiamr
772 1498 966 1571 reprehensus
993 1503 1056 1557 erat
1080 1515 1098 1556 a
1124 1499 1247 1557 veritate

178 1597 367 1676 evangeliea,
394 1600 442 1657 eui
461 1597 519 1658 hoe
544 1601 653 1658 laetum
677 1601 897 1677 adversabatur,
922 1585 992 1660 satis
1018 1600 1136 1658 adiuvat
1155 1601 1247 1658 series

177 1701 322 1760 orationis.
364 1699 447 1770 cuod
466 1699 628 1760 Rdekart
651 1699 748 1762 inesse
776 1703 932 1760 existimat:
960 1701 1166 1760 condemnatus
1186 1705 1249 1758 erat

176 1816 230 1876 per
254 1815 337 1860 suam
351 1824 353 1836 ·
366 1799 457 1874 ipsius
475 1800 703 1880 consecutiam,
735 1803 785 1878 uix
814 1803 975 1877 suaserim
1008 1802 1176 1876 simpliciter
1205 1801 1247 1860 sie

176 1897 467 1984 enuntiarinotuissa
487 1899 740 1986 κατεγνωσμένος
762 1891 811 1978 ἦν·
854 1905 990 1980 Sequitur
1004 1903 1096 1978 ipsius
1110 1903 1155 1963 rei
1173 1917 1247 1961 cou-
1330 1923 1331 1948 t

178 2008 328 2064 troversae
349 2005 487 2078 expositio
507 2021 538 2064 r.
559 2006 610 2064 te.
652 1999 928 2085 Hedeodyclp
955 2010 1011 2064 etc.
1054 2002 1245 2066 Συνεσθί-
1330 2069 1331 2082 ,

178 2124 238 2166 ειν
257 2097 340 2186 μετά
361 2125 448 2172 τινος
469 2124 496 2166 s.
517 2128 595 2184 τινι,
621 2123 688 2167 cum
712 2107 834 2183 quodam
855 2106 1022 2183 comedere,
1048 2108 1125 2166 Lare.
1143 2108 1198 2184 15,
1214 2108 1244 2166 2.
1330 2093 1331 2114 ³

178 2207 206 2268 1.
221 2207 307 2268 Gom.
317 2208 352 2288 ὅ,
364 2207 415 2267 11.
457 2209 586 2272 maan
604 2224 708 2285 parea.
728 2211 832 2286 W·
854 2209 908 2268 etsi
926 2209 1066 2268 intendam
1089 2223 1178 2266 sensu
1198 2207 1245 2264 la-

177 2309 243 2367 tiori
263 2309 437 2368 consortium
456 2311 577 2396 adonius
603 2311 744 2372 familiare
771 2311 908 2384 exprimat
938 2309 1034 2370 LXX.
1056 2310 1107 2368 Pa.
1123 2309 1202 2386 101,
1216 2311 1246 2367 tl.

179 2399 432 2488 (quemadmodum
453 2411 589 2474 danaveta
609 2408 691 2494 μετά
715 2408 1082 2491 aarorApoooLdstOQ,
1102 2409 1246 2470 hocloco

178 2517 273 2572 umen
292 2513 447 2586 praecluem
466 2516 590 2578 tenenda
610 2518 655 2572 est
674 2515 845 2591 significatio
865 2514 990 2588 propris.
1036 2513 1071 2570 ld
1092 2512 1168 2570 enim
1188 2512 1246 2570 Ju-

179 2611 442 2674 daeo-christiani
470 2615 694 2690 Hlerosolymitt.
725 2618 813 2676 Petro
844 2617 966 2674 maxime
995 2615 1065 2673 vitio
1091 2617 1246 2689 verterant,

178 2714 256 2788 qnod
277 2713 362 2792 [roei
382 2714 497 2791 quidem
518 2718 631 2777 divinae
652 2697 825 2792 obsequutus
844 2719 924 2780 Actt.
946 2735 972 2776 o.
989 2715 1063 2795 10.)
1086 2731 1153 2774 eum
1170 2715 1245 2772 Cor-

178 2815 254 2876 uelio
274 2815 595 2897 eiusquedomestloisj
617 2819 777 2880 homnibus
803 2835 859 2878 non
887 2819 1082 2894 circumcisis,
1103 2821 1245 2878 conoma-

179 2925 229 2978 toe
248 2923 326 2979 earet
350 2918 428 2978 Actt.
445 2920 501 3001 11,
517 2924 548 2981 2.
567 2936 630 2998 sqq.
678 2922 846 2997 Quicunque
871 2921 947 2979 enim
971 2921 1045 2981 inter
1070 2919 1246 2978 chrlstiauos

180 3021 331 3080 warinum
357 3021 518 3082 tenaciores
544 3027 625 3082 erant
648 3023 724 3099 legis
744 3023 822 3082 Mos.
844 3023 1047 3098 cerimonialis,
1072 3022 1151 3080 illam
1172 3036 1246 3092 epu·
1330 3021 1331 3026 ’

177 3121 270 3180 larum
300 3105 527 3182 communionem
558 3139 622 3184 oum
648 3124 780 3184 ldthniois
813 3129 900 3199 atque
927 3123 1094 3183 Christianis
1119 3120 1155 3184 ἐκ
1184 3121 1245 3180 τῶν

77 3285 82 3300 ,
179 3219 411 3286 reversando
437 3225 600 3302 fugiebant,
630 3241 667 3285 ne
691 3228 767 3284 torte
793 3226 932 3289 eiusmodi
958 3227 1029 3285 cibis
1055 3225 1103 3300 qui
1128 3224 1245 3282 sodada

179 3325 248 3401 lega
274 3323 416 3385 interdicti
442 3331 537 3386 esseut
567 3327 615 3385 vel
637 3329 819 3388 comedendis
839 3331 888 3386 vel
907 3328 1058 3404 tangendis
1078 3327 1246 3400 podueren-

178 3432 233 3484 tur.
274 3429 390 3505 Petros,
410 3429 522 3490 visione
542 3428 643 3508 (dett.
665 3428 1081 3508 c.1tl.)edoetus‚'homines
1103 3427 1246 3486 Christis-
1268 3480 1274 3494 ,

180 3542 233 3585 nos
257 3525 299 3586 llll
330 3511 458 3590 ciborum
485 3533 642 3592 discrimini
666 3548 723 3592 non
754 3532 874 3604 amplius
906 3547 973 3612 esse
1003 3531 1139 3589 obnoxios
1168 3531 1246 3586 certa

178 3627 232 3686 sibi
258 3637 449 3701 persuaserat.
496 3635 577 3694 ldem
600 3636 630 3694 ln
656 3639 799 3694 conventu
824 3634 967 3693 Hierosol.
993 3631 1131 3690 libertatis
1157 3629 1247 3689 chri-

178 3728 333 3789 stianorum
358 3747 377 3788 a
406 3734 475 3810 lege
501 3734 577 3794 Mos.
604 3738 740 3797 defensor
772 3737 903 3795 extiterat
932 3740 1065 3794 strenuus
1096 3734 1176 3794 Acte.
1192 3733 1246 3811 15,
1330 3721 1331 3730 ³

179 3833 318 3913 1-11,
341 3849 397 3891 nee
416 3836 504 3912 Petri,
525 3839 688 3898 sedJacobi
708 3840 876 3898 auctoritate
896 3836 996 3915 (Acti.
1010 3838 1064 3916 15,
1076 3834 1246 3912 tet-22.)

179 3932 326 4008 decretum
346 3936 417 3996 illud
442 3939 539 4000 luerat
562 3943 774 4019 promulgatum
802 3941 868 4018 [eui
891 3941 998 3998 Paulus
1021 3939 1099 4014 ipse,
1125 3953 1247 3997 accam·
1330 3983 1331 4022 Ξ

178 4035 340 4094 modationa
364 4043 423 4099 tum
452 4044 590 4115 temporis
615 4027 779 4103 necessaria
805 4059 890 4119 usus,
917 4043 1113 4101 contradicere
1139 4037 1247 4115 uolrdt)
1330 4025 1331 4048 ¹

179 4137 254 4209 quod
277 4140 435 4204 libertatem
461 4146 843 4206 illirico-Christianorum
868 4161 887 4202 a
916 4144 984 4220 lege
1010 4143 1088 4201 Mos.
1114 4139 1248 4200 imatus

179 4247 347 4319 qmbusdam
368 4251 529 4326 coerceret,
550 4263 657 4324 cosque
677 4265 735 4308 nou
754 4249 838 4308 modo
861 4263 948 4308 earne
968 4262 1005 4306 ex
1025 4244 1148 4305 victims
1168 4257 1248 4320 gen-
