2596 4838
191 391 411 479 Epistulam
441 345 597 464 (imatos.
626 393 720 464 GV.
745 395 785 467 V·
802 394 974 468 22-26.
1032 393 1123 464 ’581
1228 413 1229 418 ’

56 563 164 647 σάρκα
195 569 323 642 pendere
356 569 477 628 volunta
503 568 534 628 m
563 585 634 630 uero
662 569 821 648 (conciret
855 587 884 632 u.
906 572 975 650 13.)
1004 587 1126 632 curnem

56 669 168 730 t'ttm'ets‘
189 670 392 728 erucifixerunt
413 670 506 748 (qnod
533 671 655 744 positum
676 673 837 736 existiment
856 687 924 745 pro:
951 689 1033 732 suem
1055 689 1125 730 cnr·-

55 785 139 846 ncm,
164 775 304 844 qnatenus
323 787 389 830 *noe
419 773 509 830 veluti
538 775 665 832 membra
694 789 794 832 scmus
826 773 961 852 Christi).
1014 775 1126 832 Notum

54 873 175 932 interior
195 871 283 934 etiam
296 871 326 930 n.
336 871 355 939 i.
371 875 507 946 tunquam
525 874 611 932 sedes
631 879 659 933 et
679 878 773 934 tomes
792 877 926 953 omnium,
946 891 1020 952 quae
1040 875 1124 934 homo

53 989 156 1047 perum
182 971 304 1034 honeste
330 973 435 1034 sentiat
460 980 490 1032 et
513 978 652 1058 expetnt,
679 976 875 1036 consideratur
905 978 951 1056 (v.
973 978 1024 1036 13.
1046 977 1124 1054 12).

52 1077 182 1137 Additur
200 1076 275 1140 euin
296 1067 371 1136 σΰν
392 1078 475 1141 τοῖς
497 1068 739 1156 παθήμασιν
760 1082 816 1136 etc.
863 1073 1062 1160 Πάθημα,
1082 1095 1124 1152 pr.

52 1177 86 1236 id
112 1191 245 1250 queres
290 1178 409 1234 uaedam
442 1177 622 1236 extrinsecus
640 1177 773 1238 adiicitur
797 1181 884 1240 Plato
909 1183 1026 1256 reputt.
1052 1182 1074 1242 t.
1092 1183 1123 1240 2.

53 1297 83 1340 c.
101 1281 154 1339 19.
179 1295 210 1353 p.
223 1281 276 1338 97.
298 1278 343 1338 ed.
364 1279 432 1336 Ast
451 1279 564 1338 conen.
585 1295 612 1338 e.
627 1279 687 1336 46.
713 1279 858 1342 *nocua
881 1283 951 1342 diat.
964 1285 999 1361 d,
1020 1283 1066 1356 S.
1074 1282 1125 1340 17.

52 1387 83 1440 et
104 1380 143 1438 de
161 1379 260 1444 uanitn
280 1379 373 1438 culmi
385 1384 542 1453 usurpatur
561 1395 643 1452 quem
664 1377 827 1452 philosophi
846 1383 999 1456 adfectum
1020 1385 1125 1459 appel·
1189 1383 1194 1394 ’

49 1482 129 1557 lant,
148 1484 226 1540 motu
247 1479 462 1542 vehementiore
488 1481 537 1556 qni
557 1480 700 1539 hominem
721 1483 815 1540 raone
841 1485 961 1562 abripit,
987 1491 1124 1563 comig—
1158 1551 1162 1560 ,

49 1583 115 1640 licii
139 1583 238 1642 starke
266 1583 325 1642 und
343 1582 472 1640 iebheite
491 1585 651 1658 ltnegung
676 1585 729 1641 des
750 1583 888 1659 comnis,
912 1573 944 1644 et
970 1589 1007 1646 de
1033 1593 1123 1664 cupt-

51 1688 148 1744 dttate
175 1699 213 1742 ex
238 1684 437 1744 coniunctione
463 1685 548 1742 citimi
570 1699 636 1750 curn
663 1699 785 1756 corpore
811 1686 947 1764 oriunda,
970 1689 1125 1768 Begierde,
1216 1729 1223 1743 .

50 1784 274 1861 Leidenschntt,
306 1786 385 1846 rtur.
413 1787 525 1845 Peneo.
553 1802 579 1844 c.
601 1787 659 1846 43.
692 1785 831 1848 Anemo
859 1790 983 1870 61613,
1012 1793 1049 1866 ς.
1073 1794 1124 1853 16.

50 1890 217 1966 nmmo,
230 1891 263 1948 o.
304 1887 435 1948 unaco·
453 1887 484 1946 u
504 1885 665 1946 nominem
686 1887 857 1946 cernuatus
878 1890 915 1979 ‘ti
935 1885 1124 1970 capuana-
1239 1877 1245 1884 ’

53 2006 141 2052 cesse
161 1994 208 2064 est
226 1989 257 2046 iu
273 1987 377 2047 iisdem
397 1987 480 2050 vivat
499 2003 637 2061 memque
656 1990 715 2048 vim
734 1989 824 2052 libere
844 1997 958 2050 exseret
971 1987 1007 2052 ro*
1028 1995 1124 2056 πνεῦ-

50 2112 113 2171 μα.
164 2090 290 2152 Proinde
322 2089 639 2164 cohortetioeeqoitur
672 2107 702 2148 v.
728 2088 784 2156 36.
833 2089 880 2156 Εἰ
913 2092 1037 2172 ζῶμεν
1069 2101 1124 2156 etc.
1194 2075 1200 2092 ’

51 2195 170 2264 vundan·
187 2208 246 2266 per
270 2194 410 2268 spiritum
435 2192 580 2270 simones,
607 2191 634 2250 si
659 2195 789 2250 naturam
814 2195 1048 2266 praestantiorem
1073 2213 1126 2270 per

51 2293 192 2364 Spiritum
214 2294 272 2350 div.
294 2292 383 2351 veluti
402 2281 507 2352 recens
526 2293 677 2352 auimatum
699 2294 765 2370 (vd.
777 2293 815 2352 ad
836 2309 864 2350 v.
876 2293 948 2372 16.)
971 2297 1047 2356 vitoe
1066 2316 1124 2359 no.

49 2405 133 2454 sti-ee
156 2394 295 2453 habemus
319 2394 507 2471 principium,
531 2398 705 2456 incedamus
721 2397 822 2456 otium
851 2395 896 2454 tto
925 2401 961 2458 ct
984 2402 1125 2473 epitetum

48 2511 217 2572 sequanmur
223 2537 237 2574 ,
263 2496 353 2558 unm
378 2495 557 2556 mantuanus
586 2489 741 2580 πνεύματι
773 2511 893 2568 prorsus
918 2503 1124 2562 accommede-

47 2604 121 2656 tam.
163 2599 227 2666 Qun
247 2596 342 2658 miuus
361 2601 488 2680 πνῶμα
511 2599 884 2678 h.1.aliteeinteltigntnr
912 2615 997 2673 quem
1022 2604 1145 2664 v.1d..

50 2700 260 2778 cogitationum
280 2701 379 2760 *series
404 2701 544 2773 prohibet
590 2699 696 2776 Neque
720 2702 858 2780 ζῶμεν,
883 2703 980 2763 verbis
997 2700 1124 2766 iteret-

46 2821 165 2882 ρωσαν
193 2793 252 2877 πρὶν
274 2785 388 2880 ’σάρκα
414 2803 590 2879 oppositum,
613 2801 643 2864 lu
670 2804 688 2862 l.
715 2803 836 2864 admittit
864 2802 1125 2876 interpretationem

48 2904 149 2980 qualis
175 2903 318 2976 Sterrio
343 2903 479 2976 pronun
500 2919 620 2978 opnecc.
651 2907 759 2965 ooodd.
791 2908 858 2968 Vnt.
878 2908 907 2965 Ι.
931 2923 963 2980 p.
978 2910 1072 2971 2⁰?st
1099 2909 1125 2968 si

47 3006 132 3066 head
159 3020 225 3078 esse
250 3005 373 3062 velimus
399 3021 452 3078 per
473 3006 612 3078 Spiritum
637 3007 780 3083 divinum,
804 3011 855 3066 aut
879 3006 1071 3068 Michaelir
1098 3011 1126 3070 si

45 3121 105 3182 per
125 3105 285 3164 docuinam
305 3121 324 3163 e
341 3103 452 3178 Spiritu
471 3106 531 3166 div.
551 3111 710 3183 protectam
728 3107 948 3186 (evangelium)
968 3109 1055 3192 vitem
1068 3129 1125 3171 ve-

44 3225 116 3268 ram
139 3208 296 3284 (salutern)
324 3210 492 3282 consequuti
517 3225 625 3268 sumna
673 3210 844 3282 Emphatice
871 3210 975 3268 dicitur
1000 3211 1062 3285 ζῆν
1095 3218 1126 3272 ut

48 3308 155 3385 11,eo.
176 3309 214 3366 de
236 3325 312 3366 uova
332 3310 419 3368 animi
439 3311 508 3386 vita,
527 3300 625 3370 indole
642 3325 760 3382 prorsus
780 3311 938 3368 emendata.
968 3313 1027 3372 Vd.
1048 3313 1125 3374 Μο-

44 3427 117 3471 rus
144 3413 174 3467 et
203 3409 365 3469 Rrickert
385 3412 423 3470 ad
443 3412 473 3470 h.
492 3412 513 3470 i.
551 3391 744 3487 ’Στοιχεῖν
770 3427 813 3483 pr.
833 3413 935 3470 ordine
955 3417 1035 3473 certo
1054 3431 1126 3490 pro-

46 3512 162 3571 cedere
188 3509 208 3568 i.
229 3527 256 3586 q.
283 3527 313 3569 v.
334 3512 384 3570 16.
410 3517 592 3592 περιπατεῖν
623 3513 702 3572 Actt.
715 3514 773 3590 21,
788 3514 845 3572 24.
878 3515 1125 3615 Room4312.

45 3615 186 3690 Philipp.
205 3616 240 3693 3,
259 3615 311 3673 16.
343 3615 392 3674 ubi
423 3615 526 3672 eodem
550 3630 639 3674 sensu
665 3629 731 3672 cum
763 3615 859 3673 dotivo
885 3617 1013 3676 struitur.
1047 3620 1126 3678 'Nec

43 3715 169 3791 profani
188 3713 265 3772 hanc
285 3720 452 3788 potestatem
473 3717 521 3774 ub.
548 3735 651 3792 στοιχ.
669 3717 809 3789 tropicam
834 3717 1041 3793 ignoravemmt
1061 3705 1138 3780 Ρο-ι

45 3817 113 3897 lyd.
141 3833 209 3876 cmc
235 3817 289 3891 teo.
317 3833 343 3877 e.
359 3819 412 3878 71.
453 3819 570 3878 Semina
595 3820 713 3893 idmpir.
740 3823 846 3880 contro
871 3820 968 3878 Ettrte.
995 3837 1021 3880 c.
1036 3824 1065 3880 3.
1087 3825 1126 3882 ot.

47 3919 208 3994 Scriptura
241 3934 316 3993 quae
348 3919 379 3978 iu
408 3934 501 3978 verss.
532 3936 608 3993 syrr.
634 3921 771 3981 Peredito
803 3925 832 3978 et
857 3921 977 3980 Plattorc.
1002 3923 1127 3998 itemque

43 4021 132 4094 apud
153 4019 340 4092 chrysost.
361 4020 545 4093 exprimitur:
568 4019 671 4100 ζῶμεν
693 4009 750 4082 οὖν
771 4017 804 4081 ἓν
825 4017 981 4103 πνεύματι
1002 4020 1056 4084 καὶ
1077 4043 1126 4084 rto.

49 4140 159 4198 οτοιχ.
180 4121 312 4180 vivemus
332 4120 424 4198 igitur
443 4121 474 4181 in
495 4121 596 4198 spiritu
617 4127 673 4180 etc.
695 4123 902 4181 correctionem
923 4126 998 4198 sapit
1018 4130 1127 4182 metune

45 4224 107 4286 scd
128 4227 238 4309 temere
263 4225 372 4315 iactam
401 4237 501 4284 eorum
533 4223 581 4300 qui
606 4224 636 4282 in
663 4225 857 4284 enuntiatione
877 4227 1074 4286 conditionali:
1103 4225 1129 4289 et
