2684 4830
164 394 249 469 4⁰8
311 395 530 487 Epistola‘ad
552 393 705 467 oneras
733 393 831 470 uli.
856 395 901 468 V·
919 395 1091 472 iS-tt

170 573 319 630 coliooeie.
368 571 424 640 Qui
443 587 563 644 prorsus
583 575 650 631 suut
669 569 713 632 rei
734 571 849 632 omium
868 571 976 632 eiriicti
1001 577 1031 632 et
1056 571 1161 652 dediti,
1183 572 1240 634 vi-

118 693 123 700 ·
169 676 290 731 veroin
311 689 346 730 ea
367 673 515 751 dicuutur,
536 676 598 734 cic.
620 657 758 732 oct'dteo.
780 675 814 752 9,
835 675 890 734 Μ.
930 675 996 735 Aet
1020 676 1236 754 v.fl.o,1o.

169 775 271 834 Veluti
295 775 432 833 limitibus
459 775 670 833 circumscribit
699 775 858 848 Apostolus
885 777 961 850 queri
995 780 1080 834 antee
1111 775 1237 834 nixeren

169 876 243 934 vivit
269 877 298 934 in
318 891 366 934 me
387 877 537 952 Christos,
558 877 687 935 modesta
710 876 868 952 innuendo,
892 877 982 935 vitem
1007 878 1121 951 quidem
1145 893 1237 950 prae-

168 981 280 1034 sentem
301 974 353 1053 (iv
373 975 486 1056 σαρκὶ)
512 993 575 1036 nou
593 993 720 1053 prorrue
740 979 901 1049 exprimere
924 979 1019 1036 tieem
1044 975 1181 1054 bominis,
1204 978 1237 1036 in

169 1093 226 1152 quo
248 1079 381 1137 christus
400 1081 498 1155 vivet,
525 1083 654 1136 ettamen
669 1079 708 1138 ei
728 1081 918 1138 conditionem
942 1080 1143 1151 perfectiorem
1168 1079 1238 1136 oiim

168 1183 294 1238 mimam
321 1180 390 1237 eniti
418 1195 485 1240 cum
511 1181 617 1240 ninere
636 1181 694 1254 pia.
743 1180 805 1239 Cn.
826 1195 901 1254 qnae
926 1179 1087 1238 itiiokert
1113 1179 1152 1237 rie
1176 1179 1237 1238 hoo

168 1298 214 1340 vs.
246 1281 368 1357 egregie
400 1283 515 1341 observ.
570 1281 689 1360 [Lectio
722 1281 791 1342 τοῦ
823 1281 920 1342 θεοῦ
952 1278 1017 1340 καὶ
1041 1280 1235 1358 Χριστοῦ,

169 1399 332 1456 quenquam
351 1383 381 1440 in
402 1383 485 1442 coiri.
509 1363 606 1443 Varie.
629 1385 756 1444 went
776 1397 796 1440 a
815 1397 902 1439 menn
919 1381 1014 1455 prime
1033 1380 1240 1457 Auo-Boeo·-

167 1500 225 1544 uer
238 1488 266 1541 et
285 1499 363 1542 vers.
380 1485 421 1543 Ii.
439 1485 616 1560 exprimitur,
634 1457 940 1556 suspicionem'eamen
960 1487 1056 1548 movet
1075 1483 1240 1542 comneno-

168 1585 214 1641 nis
235 1587 346 1643 mature
366 1584 529 1656 adscriptae
549 1585 776 1660 marginicooid.
796 1601 854 1658 qne
873 1597 1033 1642 sermenem
1045 1583 1129 1641 Fauii
1143 1599 1239 1656 prop-

168 1689 248 1746 terea
280 1687 469 1758 supplendum
509 1687 758 1762 existimaverant,
793 1685 870 1759 quoni
907 1685 1009 1755 Apost.
1048 1685 1134 1756 panio
1170 1689 1240 1744 ente

169 1803 199 1844 v.
221 1785 271 1843 19.
292 1787 342 1844 ao.
371 1789 534 1864 utriusque,
562 1792 591 1846 et
617 1787 671 1846 nei
697 1792 726 1845 et
754 1785 876 1860 christi,
902 1786 1071 1842 mentionem
1097 1785 1237 1863 fecerat]

170 1887 234 1954 Qua
254 1887 291 1945 (ie
312 1904 402 1946 caum
421 1904 478 1945 non
497 1889 587 1960 possit
619 1889 674 1946 nisi
696 1889 813 1949 Christo
844 1899 1015 1944 consecrare
1041 1886 1129 1944 vitam
1148 1891 1238 1946 uren

170 1989 199 2048 et
218 1987 359 2046 visibilem
380 1993 408 2047 et
422 1989 610 2066 invisibilem,
634 1989 737 2048 decent
757 2003 831 2062 quae
851 1989 889 2045 de
908 1988 966 2046 tilio
985 1987 1040 2045 liei
1059 1987 1238 2060 praedican-

168 2091 231 2148 turr
254 2089 320 2149 rob
343 2082 631 2172 ἀγαπήσαντος
650 2094 705 2148 etc.
726 2091 779 2166 put
798 2103 846 2147 me
866 2092 979 2148 amaon
997 2103 1123 2164 meque
1141 2105 1239 2150 eom

170 2193 260 2262 muti
280 2207 320 2260 ee,
333 2194 472 2268 tradidit,
491 2192 511 2250 i.
532 2209 558 2250 c
579 2192 605 2250 si
624 2207 741 2250 sensum
761 2190 955 2263 spectaverint
984 2190 1033 2264 qni
1060 2189 1146 2248 etiem
1171 2205 1240 2248 mea

170 2307 277 2368 cause,
302 2307 399 2382 amore
425 2294 482 2353 mei
507 2293 626 2370 ductos,
651 2293 737 2352 subiit
761 2295 889 2351 mortem.
938 2290 1021 2358 Quoi
1046 2305 1139 2363 snprn
1163 2291 1241 2350 cl.

168 2409 199 2454 v.
218 2390 248 2451 4.
272 2393 398 2470 legimns
423 2395 482 2456 τοῦ
510 2391 652 2460 δόντος
686 2385 829 2454 ἑαυτὸν
856 2389 942 2472 περὶ
969 2391 1032 2452 τῶν
1064 2383 1240 2471 ἁμαρτιῶν

169 2484 289 2579 ἡμῶν,
308 2493 337 2554 h.
349 2495 369 2552 l.
389 2497 479 2554 verbo
501 2473 656 2568 composito
676 2487 878 2574 παραδιδδ
888 2513 952 2586 rue
973 2491 1085 2569 [suppl.
1105 2491 1150 2558 etc
1169 2488 1240 2552 θαί-

170 2595 286 2670 νατον)
317 2597 492 2673 enuntietur,
518 2599 634 2658 ltonmr.
652 2597 689 2674 4,
705 2599 756 2658 26.
777 2597 812 2680 8,
829 2597 881 2653 82.
908 2596 936 2654 1.
956 2596 1040 2656 Gerr.
1059 2593 1114 2672 11,
1134 2597 1190 2654 23.
1209 2597 1241 2652 et

168 2708 299 2768 praepos.
321 2686 417 2775 ὑπὲρ
440 2696 508 2774 [vri.
529 2699 567 2757 ad
592 2700 621 2758 Ι.
636 2697 846 2778 Tbeee.6,10.
867 2696 956 2774 obs).
999 2697 1119 2754 i'anium
1147 2695 1240 2772 igitur

169 2795 277 2871 obtuit,
303 2801 335 2855 ut
362 2799 468 2857 Penius
494 2801 530 2858 ab
551 2799 725 2858 adversariis
745 2803 861 2871 propter
888 2813 971 2855 suam
998 2797 1036 2856 rie
1060 2797 1130 2871 lege
1158 2796 1238 2854 bias.

167 2911 221 2970 per
243 2897 389 2958 Christum
410 2903 549 2976 abrogata
574 2901 731 2960 doctrinam
757 2899 908 2973 impietatis
932 2903 1012 2957 recte
1038 2903 1243 2974 accusem,

169 3001 201 3056 ut
234 2999 428 3076 impugnanda
447 3001 523 3078 legis
545 3004 642 3060 ocrim.
668 3001 852 3061 adsalutem
880 3000 1107 3072 consequendam
1128 3015 1241 3056 necee-

168 3101 252 3158 siiote
284 3105 466 3179 ostenderet,
493 3107 598 3176 quanta
624 3103 728 3175 pictate
752 3105 837 3176 eique
867 3101 1006 3160 modestia
1031 3103 1156 3178 gratam
1184 3099 1242 3160 Dei

168 3217 307 3260 summam
334 3219 387 3277 per
408 3205 553 3263 christum
579 3207 750 3278 patefactam
776 3207 973 3262 veneraretur.
1015 3203 1055 3259 V.
1075 3201 1127 3260 ti.
1158 3195 1240 3262 Οὐκ

171 3293 302 3364 ἀθετῶ
323 3311 378 3366 etc.
427 3305 574 3365 Sententia
593 3305 730 3378 primaria
750 3305 829 3363 heud
848 3309 987 3380 mutuor,
1013 3303 1078 3360 eive
1103 3297 1241 3362 ἀθετῶ

170 3403 227 3481 (te
253 3407 338 3464 cuins
364 3421 422 3467 usu
446 3407 485 3470 ed
517 3407 546 3466 I.
566 3407 763 3486 i'teasotM,
779 3408 811 3467 8.
838 3407 916 3484 vid.)
943 3404 1081 3462 verteris:
1113 3405 1244 3461 noim

169 3513 326 3567 centenno
344 3513 474 3586 praemon
496 3512 646 3588 uincam,
666 3525 741 3583 quae
761 3507 831 3567 mihi
857 3521 910 3580 per
931 3505 1075 3566 Christum
1096 3504 1246 3562 eiusmodi

169 3608 246 3666 viam
265 3609 367 3668 salutis
385 3611 506 3670 munivit
526 3612 638 3686 qualem
658 3604 737 3692 ἔργα
757 3611 821 3670 τοῦ
837 3602 940 3688 νόμον
960 3608 1071 3666 munire
1091 3621 1245 3678 nunquam

168 3713 336 3786 potnerunt,
362 3713 447 3771 immo
467 3715 585 3772 meximi
611 3729 674 3770 enm
694 3714 822 3770 aestumo
842 3715 871 3769 et
891 3709 955 3768 colo
984 3708 1066 3785 [piiss
1091 3708 1246 3783 cogitatur

169 3827 255 3882 quam
283 3813 401 3890 dicitnr,
428 3789 649 3891 otn'iiorger
675 3813 713 3871 ad
738 3811 768 3872 b.
794 3813 846 3891 i),
872 3813 949 3870 sive:
976 3813 1047 3870 uoto
1073 3823 1190 3866 eorm
1219 3823 1246 3866 s.

168 3914 288 3973 carram
307 3917 417 3976 bebere
437 3923 466 3975 at
485 3919 611 3976 reddere
628 3919 759 3992 matium
778 3915 856 3994 Dei,
883 3929 908 3974 s.
928 3911 1098 3974 beneficium
1124 3910 1251 3986 gratim

170 4013 295 4075 divinae
341 4017 500 4092 Utrumque
519 4017 631 4075 faciunt
651 4015 773 4093 (revera
791 4019 946 4088 peccantes
965 4027 995 4072 v.
1010 4011 1081 4090 ie.)
1101 4012 1153 4085 oui
1180 4011 1248 4068 ite-

172 4131 236 4175 rum
256 4116 375 4196 docent,
396 4135 433 4180 ex
454 4119 653 4178 observatione
671 4119 748 4194 legis
768 4119 866 4176 corin.
885 4129 987 4174 veram
1006 4113 1134 4188 pendero
1153 4113 1249 4171 saiu-

170 4223 236 4282 teru
279 4217 527 4303 tonnitorum,
553 4221 655 4288 resec
676 4219 821 4285 tumtun
847 4219 897 4298 oui
917 4216 1047 4280 nocuos
1066 4215 1128 4276 viia
1147 4218 1250 4274 morie

741 4363 765 4406 ὓ
863 4389 871 4410 e
