2740 4828
175 379 226 454 18
426 408 446 482 :3
542 381 864 471 Prolegomoaa.

147 589 148 594 κ
174 567 240 643 qne
263 554 350 620 bane
370 549 629 639 liberalitatem,
641 553 719 620 dnm
738 552 1009 622 Tber'salodina'o
1028 553 1237 642 rebsnetbr',

177 650 302 723 itersta
322 656 397 724 rice
423 655 644 742 praestitisse.
665 683 667 690 ’
694 655 791 729 Quod
819 655 1077 742 prinaeflsturn
1104 657 1238 744 minet,

174 757 259 824 nihil
272 757 416 824 obstare
427 756 535 824 ¹video
557 755 744 825 sententiae
760 756 929 845 plerisque
948 756 1120 844 probatae.
1148 757 1238 826 Dum

175 857 305 928 Paulas
326 858 434 946 prima
454 858 529 927 rice
543 857 811 925 Thessalonicae
833 858 1034 925 versabatur
1053 855 1157 943 (Aac
1176 859 1238 946 la,

182 961 215 1026 1.
229 965 327 1049 sqq),
344 960 474 1028 initiam
493 958 660 1046 evangelii
674 958 890 1046 praedicandi
907 959 958 1026 ita
977 959 1102 1026 fecisse
1123 961 1253 1027 existi..

173 1065 319 1128 mundns
341 1069 404 1147 cst,
425 1069 464 1129 ut
484 1060 671 1128 bominibus
693 1063 737 1128 ad
754 1061 923 1128 Christum
946 1062 1119 1128 conversis
1139 1061 1237 1128 sinrnl

177 1163 407 1250 praediceret,
440 1185 500 1230 eos
531 1185 599 1230 una
625 1185 699 1230 cnm
729 1162 803 1248 ipsa
836 1161 1042 1250 (Apostolo)
1070 1163 1238 1250 evangelli

177 1287 284 1332 masa
317 1263 550 1332 vexationibus
581 1263 657 1331 foro
690 1263 861 1330 obnoxios.
915 1261 956 1330 ld
992 1267 1079 1352 quod
1113 1273 1239 1334 eventa

178 1365 389 1453 comprobari
415 1367 587 1454 coepisse,
617 1366 810 1454 prinsquam
837 1363 965 1432 Pcalus
991 1363 1111 1432 arbem
1138 1364 1239 1434 relin-

177 1475 315 1557 queret,
341 1466 491 1534 narratio
519 1467 648 1534 Lucae·
665 1468 765 1534 docet
790 1465 880 1533 Actt.
898 1465 960 1551 17,
977 1463 1097 1533 5-9.
1140 1466 1239 1542 Quse

177 1567 506 1636 Thessalonicam
538 1575 616 1654 post
648 1568 774 1634 ebitum
807 1565 907 1634 Pauli
936 1568 1068 1655 experti
1102 1568 1239 1654 fuerint,

176 1690 245 1737 non
266 1669 458 1737 accuratius
487 1675 693 1756 compertum
714 1668 893 1754 babemus,
921 1689 1020 1756 quum
1041 1667 1159 1736 Lucas
1177 1670 1240 1736 nri·

177 1770 268 1838 nimo
288 1771 453 1856 integrant
473 1768 616 1838 fatorum
634 1770 734 1838 bulas
752 1769 921 1837 ecclesiae
942 1769 1117 1838 historiam
1138 1791 1240 1860 expo·

179 1893 260 1938 nere
281 1871 504 1940 constituerit.
546 1869 600 1938 lle
613 1870 720 1938 Paulo
735 1878 869 1938 constat
881 1869 985 1956 (Aea.
1003 1869 1065 1957 1⁷,
1083 1869 1142 1938 lt.
1160 1869 1239 1954 14.)

179 1991 255 2038 cum
277 1993 348 2039 nec
364 1973 516 2040 Boroeue
542 1980 650 2039 tutnrn
677 1971 940 2061 incolumemque
962 1973 1089 2040 diutins
1106 1973 1239 2040 versari

180 2073 347 2162 potuisse,
368 2073 488 2142 iterum
510 2074 631 2163 quippe
654 2096 676 2141 a
696 2073 832 2140 ludaeis
852 2081 1027 2158 vexatum,
1053 2072 1240 2142 Thessalo·

178 2175 255 2242 nica
297 2175 466 2242 Beroeam
504 2175 689 2262 prosectis,
723 2175 945 2263 populumque
982 2174 1239 2242 concitantibus.

179 2276 291 2364 Atque
320 2276 451 2344 omuino
479 2277 584 2346 verba
605 2276 702 2343 Pauli
730 2279 764 2346 1.
783 2277 902 2344 Thero.
920 2275 957 2362 3,
969 2274 1008 2342 4.
1029 2279 1241 2364 μέλλομεν

179 2379 427 2462 θλίβεσθαι
455 2377 503 2444 ita
530 2399 569 2444 ae
591 2378 731 2463 babent,
759 2385 796 2444 ut
823 2377 908 2445 sctis
935 2380 1107 2445 commode
1135 2377 1238 2446 etiam

180 2480 222 2545 de
243 2479 474 2564 pontionibna
495 2479 553 2545 illo
581 2488 733 2570 tempore
759 2477 823 2566 ipsi
844 2477 1009 2565 Apostolo
1037 2479 1240 2547 instantibus

180 2578 421 2666 intelligantur.
465 2578 606 2646 Omnino
628 2580 737 2646 otiosa
757 2588 960 2666 apparerent
979 2581 1056 2648 vbb.
1083 2585 1153 2648 aab
1175 2581 1240 2647 cl·

111 2711 114 2721 *
181 2683 295 2766 dara,
321 2680 386 2747 nisi
408 2681 473 2747 boc
493 2681 687 2766 innuerent,
714 2679 1077 2748 Thessalonicensibus
1104 2682 1240 2750 aliunde

182 2781 247 2848 ianr
275 2782 478 2868 innotuisse,
510 2805 597 2872 quoe
623 2783 697 2849 fata
723 2777 874 2868 Paulus,
908 2781 1155 2850 Thessalonice
1191 2783 1241 2850 tli-

180 2905 332 2969 gressus,
353 2883 521 2950 subiisset.
565 2884 663 2960 Quod
684 2885 820 2952 effatum
841 2884 1009 2970 posterius
1031 2886 1151 2952 attinet
1168 2884 1240 2972 (ep.

182 2987 226 3052 all
247 2984 415 3076 Pbils'pfl.)
437 2983 514 3052 vbb.
538 2987 585 3067 (v.
607 2982 682 3065 15.)
705 2977 760 3052 ὅτε
780 2983 923 3066 ἐξῆλθον
944 2982 1010 3086 cipi>
1030 2986 1242 3065 Μακεδονίας

182 3093 247 3153 etc.
268 3095 363 3154 recte
382 3085 434 3152 sic
455 3085 701 3172 intelligunturz
724 3107 824 3176 quum
846 3086 878 3151 in
901 3105 941 3151 eo
964 3109 1087 3172 essent,
1108 3093 1145 3152 nt
1164 3085 1241 3154 bls-

182 3187 355 3254 oodcniam
375 3178 598 3277 relinquerem
625 3188 704 3276 (quo
733 3196 884 3274 tempore
903 3187 1031 3255 Paulus
1052 3186 1239 3255 Thessalo·

180 3290 256 3357 nice
282 3287 495 3375 discedebat,
523 3288 638 3377 utique
663 3287 727 3355 sub
753 3288 851 3356 linem
878 3289 1043 3375 vergebat
1068 3289 1128 3357 illa
1148 3309 1240 3356 corn·

180 3389 322 3457 morelio
342 3388 442 3456 Pauli
469 3389 556 3456 inter
576 3388 817 3476 Macedones),
845 3400 982 3479 praeter
1007 3399 1155 3460 vestram
1182 3413 1240 3459 oc-

181 3491 318 3558 clesiam
338 3490 432 3557 nulla
452 3490 528 3575 fuit,
548 3490 610 3557 cui·
624 3491 754 3577 gratiore
775 3491 905 3558 referre
927 3490 1085 3559 deberem
1105 3515 1166 3580 pro
1179 3493 1240 3562 be.-

180 3591 308 3660 noticiis
332 3593 480 3678 acceptis
503 3591 615 3675 (cuius
635 3591 888 3678 roiexplicatio
909 3591 1136 3682 seq.v.1li.).
1172 3593 1241 3658 (io-

180 3694 309 3780 gitasse
324 3691 524 3778 Apostolum
546 3695 587 3759 de
609 3714 649 3760 eo
671 3702 832 3781 tempore,
854 3695 951 3762 cuias
973 3693 1122 3760 narratio
1144 3693 1239 3761 Am.

182 3815 213 3862 c.
233 3792 294 3858 17.
316 3791 360 3858 ἰιι.
383 3793 576 3878 exhibetur,
605 3794 716 3860 verbis
745 3793 993 3882 professasest
1014 3797 1049 3862 ἐν
1071 3789 1156 3885 ἀρχῇ
1176 3795 1241 3862 τοῦ

181 3891 373 3978 ιύαγγιλὶον.
423 3891 498 3967 Quo
520 3893 628 3958 minus
649 3915 730 3960 vero
752 3918 825 3961 oum
849 3896 1041 3962 Schradcro
1062 3904 1239 3984 utramque

182 3993 355 4082 epistolant
381 3993 501 4061 seriori
528 3994 687 4080 tempori,
715 4015 776 4082 qno
797 3996 924 4064 Paulus
952 3997 1241 4092 iterumxAtbenis

180 4095 298 4181 luerit,
326 4093 550 4180 vindicemus,
580 4093 665 4162 haec
685 4097 876 4181 impediunt.
919 4102 957 4183 o)
979 4099 1053 4164 Etsi
1073 4100 1239 4164 concoda-

180 4219 271 4282 mus,
297 4195 428 4262 Lucam
448 4195 543 4263 Acco.
554 4193 623 4283 2⁰,
640 4196 658 4264 1
678 4195 771 4266 -4.
798 4199 991 4268 narratione
1014 4197 1113 4280 baius
1138 4198 1239 4266 iu'ne·
