2744 4824
143 337 228 414 eoo
265 339 375 431 upra
395 337 441 410 u.
464 339 511 410 ar
529 339 706 416 x‘orassent
735 341 774 412 o
795 338 846 412 ιο
871 338 913 412 v.
934 299 1105 410 roure.

149 515 302 594 Attamen,
329 533 386 594 quo
406 514 501 576 ulnus
520 511 609 595 λόγῳ
631 515 868 592 significationem
889 513 1037 574 doetrinae
1060 513 1091 574 b.
1110 514 1131 574 l.
1152 513 1230 576 vlu-

151 617 297 695 dieemus,
317 618 443 693 impedit,
463 619 540 693 quod
560 619 599 676 de
618 619 756 678 doetrinae
775 621 843 693 ipae
864 615 1047 692 evangeliea,
1065 633 1139 690 quae
1159 635 1230 680 una

151 722 198 780 eet
217 735 272 776 nee
292 718 455 795 multiplex,
480 733 583 792 parum
602 721 683 777 reete
704 718 762 776 dioi
781 721 893 790 poterat
919 715 954 780 ἐν
976 715 1099 782 παντὶ
1126 715 1229 800 λόγῳ.

77 804 80 812 ’
151 821 248 878 Aliter
268 837 335 884 sese
355 820 442 882 babet
463 833 528 876 oum
549 821 650 878 eadem
671 819 794 877 lormule
820 821 850 880 l.
862 819 947 890 Coos.
961 819 993 898 1,
1005 821 1037 878 ὅ.
1057 821 1107 881 ubi
1128 816 1230 899 λόγος

153 924 369 986 institutionem
400 920 494 994 potius
527 919 651 997 indieet,
683 921 764 978 cuius
798 921 910 978 omnino
937 921 1016 978 modi
1048 927 1115 983 eunt
1142 925 1230 982 varii.

154 1023 316 1106 Coutortior
354 1025 399 1082 est
424 1021 596 1098 Bengelii
628 1024 657 1078 et
683 1019 819 1094 Koppii
849 1022 1045 1094 interpretatio
1076 1039 1132 1098 qua
1158 1026 1231 1084 vbb.

153 1118 187 1182 ἓν
208 1121 302 1183 παντὶ
323 1115 407 1202 λόγῳ
428 1125 484 1182 eto.
511 1121 687 1198 (secundum
714 1123 843 1185 ordinem
868 1127 962 1180 textus
983 1124 1080 1202 vulg.)
1110 1141 1168 1184 non
1189 1127 1232 1186 ad

153 1221 332 1284 Christianos
358 1240 513 1299 eorumque
538 1224 635 1282 officia
654 1226 832 1300 referuntur,
859 1226 913 1284 sed
932 1225 972 1282 ad
991 1227 1047 1286 llei
1064 1226 1157 1300 ipsius
1178 1230 1231 1286 el’-

154 1322 319 1402 florentiam,
339 1341 413 1399 quae
427 1328 584 1399 opponatur
601 1325 749 1384 doetrinae
762 1326 961 1396 fraudulentae
979 1332 1063 1402 atque
1084 1323 1231 1407 σημείοις

155 1427 185 1482 et
205 1421 316 1502 τέρασι
334 1425 457 1488 bominis
476 1425 591 1499 percuti
619 1425 664 1506 [v.
685 1425 822 1504 o.1o.),
848 1427 868 1486 i.
890 1444 917 1500 q.
946 1421 1001 1488 lot
1025 1422 1148 1496 παντός
1168 1427 1231 1490 λό-

155 1547 215 1608 γου
237 1531 306 1586 eto:
337 1527 460 1586 stabiliet
479 1542 533 1586 voa
559 1543 613 1600 per
640 1527 798 1588 doctrinam
817 1543 918 1588 veram
945 1533 976 1587 et
1007 1531 1143 1606 quiuqrrid
1169 1531 1233 1592 vim

156 1620 262 1686 babeat
281 1629 495 1694 saluberrimam
518 1622 628 1708 [ἔργον
650 1629 721 1708 oy.)
742 1629 780 1688 ad
799 1629 925 1690 ssimum
952 1632 1123 1708 erigendum
1144 1637 1232 1706 etque

156 1730 389 1789 oonilrmandum.
429 1731 536 1792 Parum
563 1733 643 1788 recte
668 1735 855 1804 provocetrmr
882 1732 920 1788 ed
946 1735 975 1792 1.
994 1735 1078 1795 Corn.
1100 1737 1155 1814 15,
1174 1737 1231 1794 68.

155 1831 271 1896 limma
287 1833 341 1908 15,
358 1833 410 1892 18.
458 1832 588 1904 Utroque
607 1832 627 1922 Ι.Ι
649 1826 740 1910 ἔργον
769 1833 882 1894 minime
907 1833 964 1891 boe
990 1851 1078 1896 muso
1098 1837 1157 1900 die.
1176 1836 1232 1894 sed

155 1931 246 2004 priori
266 1933 381 2008 quidem
401 1934 420 1994 t
442 1927 535 2012 ἔργον
554 1929 664 2010 κυρίου
686 1947 774 1990 causa
794 1937 839 1994 eet
858 1938 1018 2012 evangelii,
1044 1953 1117 2012 quae
1139 1937 1234 1996 cbri-

156 2033 258 2096 etienie
291 2050 380 2092 surae
409 2037 545 2108 cordique
572 2052 638 2096 esse
670 2036 786 2110 debeat,
818 2039 972 2110 posteriori
995 2040 1041 2108 de
1071 2037 1232 2098 efficientia

156 2135 240 2200 Pauli
260 2137 417 2208 apostoliea
437 2138 542 2212 agitur.
588 2138 629 2203 Εἰ
652 2137 716 2210 ipse
741 2153 812 2196 usus
839 2139 922 2204 verbi
950 2136 1152 2218 στηρίζειν
1176 2155 1232 2198 ee-

157 2239 260 2310 quente
281 2253 414 2310 preepoa.
435 2236 470 2300 ἐν
490 2243 519 2296 et
539 2240 650 2301 obiecto
671 2229 758 2318 ὖμᾶς
781 2237 863 2314 [sive
882 2239 940 2297 hoo
960 2241 1062 2298 litteris
1082 2242 1232 2313 exprime-

156 2339 204 2396 tur
224 2340 381 2398 secundnm
401 2343 509 2398 textum
530 2341 612 2416 vulg.
633 2341 697 2398 sive
722 2340 888 2415 suppleatur
909 2343 1098 2420 cogitando),
1123 2347 1153 2400 et
1174 2359 1233 2416 op-

156 2437 259 2512 positio
286 2433 380 2519 ἴργοο
413 2456 450 2498 eu
478 2435 576 2520 λόγον
598 2441 672 2518 (eir.
699 2442 767 2506 loce
793 2458 881 2514 supra
904 2442 1019 2520 leudd.)
1048 2446 1234 2522 demonstret,

156 2555 319 2600 sermonem
340 2556 406 2601 esse
427 2544 464 2602 de
482 2543 530 2620 ils,
550 2559 623 2618 quae
642 2543 772 2601 homines
794 2543 910 2606 Christo
930 2545 1060 2610 eddium
1079 2549 1112 2606 et
1128 2548 1232 2612 loten

159 2643 188 2704 et
207 2639 285 2721 loqui
306 2647 442 2722 operteat·
485 2644 547 2710 on.
566 2647 597 2713 Ι.
613 2645 714 2712 obeo.
726 2647 760 2734 d,
773 2646 825 2712 13.

502 2949 747 3066 (lupae
803 2953 875 3044 lll.

246 3147 489 3234 Coberotlonem,
520 3172 578 3231 que
601 3157 708 3216 Paulus
736 3156 770 3216 C.
787 3157 826 3216 ll
856 3157 897 3216 V.
918 3149 968 3214 15.
993 3153 1130 3216 universe
1156 3171 1232 3218 een.

159 3251 294 3316 amntiam
315 3255 444 3330 obsequii
464 3257 610 3318 doetrinae
630 3260 667 3317 eb
680 3261 784 3332 Apost
804 3258 926 3316 traditae
946 3259 1111 3332 praestandi
1133 3259 1232 3318 Tbes.

162 3355 389 3418 salonicensibus
417 3361 682 3438 commendaverat,
705 3359 762 3418 elie
787 3360 906 3435 excipit,
933 3363 965 3418 ut
988 3374 1042 3432 pro
1069 3359 1163 3418 salute
1182 3362 1233 3434 ip.

161 3453 223 3516 eius
255 3459 409 3535 operisque
435 3461 583 3534 apostolici
610 3475 750 3520 eueeessu
775 3461 855 3520 telier
882 3462 974 3519 ileum
1001 3460 1105 3530 adeant
1131 3463 1233 3535 preel-

161 3557 224 3617 bue.
267 3559 668 3642 cu.ad1.ubees.o,25.
689 3565 803 3622 observ.
835 3562 919 3622 Unde
932 3578 999 3622 mox
1010 3563 1113 3622 iterum
1132 3565 1235 3622 transit

161 3657 254 3718 oratio
280 3660 363 3720 Paoll
393 3663 434 3722 ad
462 3663 670 3738 professionem
695 3665 758 3738 spei
790 3663 978 3740 laetissimae,
1010 3679 1096 3738 quam
1120 3666 1159 3724 de
1184 3667 1234 3726 tle·

160 3763 227 3823 tura
250 3760 355 3824 habaet
380 3762 607 3826 christianorum
633 3765 747 3828 illorum
773 3764 952 3841 oomtanoa,
982 3767 1012 3828 et
1038 3766 1234 3842 precationem

130 3886 132 3890 ¹
160 3863 293 3926 omum.

247 3957 435 4030 v.1-b.
484 3957 529 4030 ib
560 3959 676 4032 λοιπὸν
701 3955 945 4055 προσεύχεσθε,
972 3957 1129 4057 ἆὸολφοί,
1158 3968 1233 4056 erepl

203 4052 297 4148 ἡμῶν
304 4107 317 4140 ,
351 4059 409 4134 ἵνα
440 4057 459 4132 ὃ
485 4061 582 4152 λόγος
608 4066 674 4136 τοῦ
696 4067 812 4158 κυρίου
834 4067 930 4160 τρέχῃ
960 4069 1016 4139 καὶ
1044 4061 1233 4150 δοξάζηται,

204 4161 324 4248 καθὼς
342 4171 399 4236 eat
419 4163 509 4258 πρὸς,
523 4163 628 4256 ὑμᾶς·
651 4173 701 4252 (n.
728 4165 786 4254 ἢ.)
807 4173 863 4240 eal
883 4165 940 4241 toa
961 4169 1145 4262 ῥυσθῶμεν
1158 4165 1232 4240 ,ἀπὸ
