2684 4830
183 403 264 475 ora
337 361 501 492 spana
522 403 565 468 an
587 400 740 471 saratas.
771 401 809 470 c.
831 399 876 472 ιι.
899 401 942 470 v.
957 400 1076 486 o-s.
1098 422 1100 440 ι

183 586 261 640 etum
281 594 357 638 >esse
386 575 441 638 iau
469 568 491 651 ἦ
518 569 658 652 ἀλήθεια
685 580 739 634 etc.
788 575 891 650 Neque
921 577 1057 636 sufficere
1086 575 1249 650 putaverim

183 683 219 741 ad
245 680 436 740 removendas
464 679 519 737 has
541 678 723 736 difficultates
742 677 1002 750 interpretationem
1022 679 1251 736 Bdckerto

180 787 328 842 tentatam:
350 781 537 838 circumcisus
558 785 602 838 est
622 781 720 856 rios,
744 795 783 838 ne
802 783 907 840 iratres
934 780 1002 838 taisi
1026 795 1064 837 ex
1089 780 1250 838 ministerio

181 883 350 959 evangelico
362 879 421 939 uni
439 896 496 938 non
512 881 677 939 circumcisi
697 881 930 954 opportunitatem
952 881 1100 957 ducerent,
1118 887 1250 940 nostrum

179 985 318 1046 libertatis
349 983 537 1057 evangelicae
568 999 651 1040 usum
683 987 816 1054 tauquam
839 981 1063 1054 profanationem
1096 999 1248 1040 sacrorum

179 1087 366 1147 Judaicorum
399 1079 582 1158 criminandi3
607 1085 803 1140 verumtamen
824 1082 871 1158 (v.
887 1079 937 1160 a.)
963 1083 993 1140 in
1019 1085 1125 1142 ceteris
1151 1084 1249 1142 omni-

177 1191 249 1266 bus,
275 1186 352 1262 quod
379 1181 509 1242 homines
538 1183 800 1243 illirico-christ.
826 1183 964 1242 universe
988 1187 1101 1261 annet,
1132 1186 1248 1243 omnino

178 1307 236 1351 non
262 1287 402 1346 cessimus
422 1286 559 1343 {mnibus
585 1285 669 1343 falsis
689 1288 744 1343 etc.
792 1285 942 1344 Eiusmodi
967 1287 1070 1360 quippe
1094 1287 1247 1344 defensio-

179 1407 245 1451 nem
267 1383 494 1446 cireumcisionis
514 1387 544 1444 in
565 1387 631 1446 'lito
651 1389 786 1458 peractae
805 1385 962 1459 Apostolus
981 1388 1017 1444 iis
1039 1393 1118 1447 certe
1138 1388 1248 1462 verbis,

178 1506 253 1567 quaa
280 1504 311 1548 v.
331 1484 361 1544 l.
382 1483 413 1543 a.
440 1488 612 1566 obveniunt,
643 1487 737 1545 mima
760 1487 916 1560 perspicue
944 1501 979 1544 ao
1005 1489 1134 1565 definite,
1162 1505 1246 1563 quam

178 1593 242 1667 ipsa
261 1586 418 1650 sententies
437 1591 539 1646 natura
558 1593 588 1648 et
607 1589 738 1664 gravitas
761 1591 931 1664 postularet,
958 1591 1140 1648 emundasset.
1184 1591 1244 1649 Ce-

51 1733 54 1742 ·
177 1699 355 1769 totumquo
375 1690 469 1748 minua
489 1703 553 1749 oum
567 1689 730 1748 Ambros.
751 1691 946 1767 coniiciamus,
965 1691 1035 1749 illud
1051 1686 1135 1770 nodo
1156 1683 1244 1769 ὥραν

179 1791 305 1876 εἴξαμεν
325 1793 363 1850 ad
384 1783 447 1849 eam
468 1791 612 1863 pertinere
637 1793 939 1867 accommodationem,
966 1809 1022 1866 qua
1041 1794 1149 1851 Paulus
1173 1809 1244 1849 usus

177 1897 264 1954 tuerit
285 1892 516 1950 circumcidendo
540 1893 691 1951 Timotheo
696 1935 709 1969 ,
735 1893 865 1969 impedit,
891 1895 966 1966 quod
987 1894 1016 1950 h.
1036 1895 1055 1950 i.
1082 1895 1121 1951 de
1142 1895 1242 1951 'limo-

164 1995 243 2055 -tneo
264 1995 376 2054 omnino
396 2009 453 2050 non
474 2009 567 2050 sermo
588 1994 650 2050 tuit.
693 1993 828 2052 Narratio
848 1993 934 2052 huius
953 1995 1040 2054 totius
1065 1994 1242 2052 sectionis

165 2097 304 2158 subsistit
333 2109 406 2168 quae
433 2094 481 2152 illo
512 2097 640 2165 tompore
673 2095 880 2167 Hierosolymis
912 2099 996 2172 gesta
1021 2101 1095 2154 sunt
1142 2098 1241 2168 ltaque

165 2210 224 2258 ros
248 2197 313 2271 ipsa
339 2193 477 2270 postulat,
502 2193 707 2254 allectionem
734 2191 792 2262 oie
819 2190 909 2255 οὐδὲ
935 2198 1104 2254 auctoritate
1128 2199 1241 2254 testium

174 2303 263 2374 probo
282 2297 431 2373 munitam,
450 2299 605 2368 praeeunte
624 2297 859 2372 Hieronymo,
878 2313 943 2354 cum
965 2298 1119 2356 Calvino
1139 2299 1240 2356 Wol-

175 2401 232 2460 tio
258 2400 426 2472 Borgero
457 2396 604 2456 Storrio
639 2398 790 2456 Winero
821 2399 959 2456 Flattio
992 2399 1148 2456 Rinckio
1186 2397 1238 2474 [in

166 2501 246 2559 libro
275 2515 362 2571 supra
384 2499 430 2576 i.)
457 2499 577 2571 aliisque
607 2500 709 2555 contra
737 2497 895 2557 Millium
927 2499 1122 2558 semlerum
1157 2498 1239 2556 mi-

165 2599 339 2658 :chaelem
370 2597 544 2671 Koppiurn
570 2600 709 2657 mmmur.
737 2593 922 2658 'Difficultati
947 2603 1130 2676 structurae,
1154 2616 1237 2673 quam

172 2717 261 2772 supra
289 2698 492 2774 explicuimus,
515 2699 708 2756 removendae
733 2701 887 2775 uniquitus
915 2703 1065 2761 consulere
1089 2701 1239 2760 voluerunt

174 2804 333 2862 mittendo
354 2802 402 2859 vei
421 2789 470 2865 οἷς
496 2800 545 2858 vel
564 2803 685 2873 utroque
705 2815 769 2858 voc.
798 2790 847 2867 οἷς
873 2798 960 2874 οὐδὲ,
987 2817 1130 2862 memores
1155 2803 1238 2862 insu-

171 2918 225 2975 per
244 2902 415 2960 narrationis
442 2901 542 2980 (Aett.
562 2902 616 2980 16,
634 2901 688 2978 a.)
716 2901 753 2960 de
774 2903 922 2964 'timotheo
943 2904 1132 2981 circumciso,
1155 2907 1239 2978 atqua

162 3021 210 3063 -ex
229 3003 334 3062 vocula
354 2997 386 3063 dl
407 3002 455 3080 (v.
468 3001 497 3059 4.
508 3003 566 3081 in.)
587 3004 680 3062 uinus
700 3008 780 3062 recto
798 3004 943 3064 intellecta
954 3001 1149 3081 conicientes,
1167 3023 1238 3064 ver-

171 3107 217 3165 sui
238 3109 338 3180 quarto
359 3106 520 3164 auditorio
538 3103 636 3162 inesse
656 3105 804 3164 commatis
824 3107 908 3164 tertii.
954 3108 1109 3166 Praeterea
1134 3113 1238 3169 auom·

163 3209 240 3267 rios
261 3205 497 3281 l'ertuliiani,
524 3205 573 3278 qui
593 3208 692 3263 contra
711 3205 890 3265 Marcionem
912 3207 1058 3280 disputans
1079 3208 1163 3284 (loco
1183 3225 1236 3266 su-

170 3326 224 3383 pra
248 3308 291 3385 l)
333 3307 485 3366 lectionem
519 3300 611 3366 odoi
636 3322 665 3363 v.
682 3303 712 3364 5.
745 3308 977 3380 depravationem
1010 3313 1105 3368 textus
1130 3309 1237 3382 antiqui

171 3408 353 3483 existimavit,
373 3409 471 3480 plures
491 3405 617 3464 musmo
637 3407 760 3484 videtur,
779 3412 811 3466 ut
830 3409 906 3468 hano
927 3408 1108 3468 omissionem
1128 3412 1236 3482 proba-

164 3513 242 3568 ·rent.
288 3511 431 3586 lienique,
456 3507 531 3582 quod
559 3523 611 3566 eos
634 3510 733 3566 adimet
759 3509 862 3587 libros,
888 3511 918 3569 in
946 3511 1048 3584 quitus
1068 3511 1161 3570 solum
1188 3499 1237 3577 οἷς

161 3611 276 3688 iegitur
300 3611 407 3683 absque
433 3603 521 3680 odos,
548 3610 691 3682 posterius
710 3613 825 3683 propter
852 3612 1064 3670 similitudinem
1089 3613 1238 3688 naimone

162 3712 304 3771 socabuli
323 3715 353 3768 et
373 3711 544 3788 compendia
561 3709 720 3784 scripturae
739 3712 770 3771 iu
790 3714 874 3772 codd.
891 3716 1028 3786 usurpata
1044 3715 1134 3774 decdo
1146 3715 1237 3788 potuit

169 3829 268 3874 errore
287 3811 432 3870 scribendi
450 3811 592 3868 excidere.
1089 3819 1092 3824 ·

252 3913 395 3972 Addrmat
414 3911 571 3984 Apostolus
591 3927 693 3989 porro,
720 3918 832 3974 ceteros
852 3917 926 3974 iesu
946 3916 1060 3992 legatos
1079 3916 1166 3976 immo
1186 3919 1235 3976 vel

170 4014 293 4076 mamma
312 4014 443 4088 insignes
464 4029 563 4071 eorum
583 4013 654 4070 nihil
673 4013 854 4076 desiderasse
874 4019 904 4074 in
926 4033 962 4074 ea
982 4032 1066 4091 qnam
1085 4019 1150 4090 ipse
1177 4022 1235 4078 ad-

162 4116 227 4174 -lmc
251 4118 419 4190 usurpasset
444 4113 588 4191 evangelii
614 4115 916 4198 praedicaminum
943 4135 1085 4182 consensu
1109 4115 1234 4198 unanimi
1321 4159 1322 4168 ,
