2684 4830
208 417 210 436 ¹
258 407 414 502 spiren
435 409 479 476 m
500 403 654 479 natans.
682 407 721 477 o.
734 407 761 476 1.
782 406 823 479 v.
845 383 1013 480 184-24
1088 407 1165 477 scr

101 583 177 644 fiunt
194 581 373 658 interpretes
414 581 575 644 lliscrirnen
596 581 752 660 utriusque
769 582 927 644 sententiae
945 581 1023 646 baud
1042 583 1084 644 ita
1104 601 1171 646 ma·
1241 619 1244 628 ι

102 702 195 764 gnum
215 687 331 761 quidem
345 690 484 764 apparet,
503 686 561 747 nisi
572 687 768 763 Apostolum,
786 701 888 760 pamm
902 687 1099 764 probabiliter,
1118 703 1172 763 per

100 789 202 861 plnres
223 803 338 846 menses
357 788 406 846 vel
427 787 534 846 diutius
554 786 585 847 in
604 788 757 847 solitudine
777 787 894 847 arabica
912 791 1058 848 versatum
1078 789 1171 848 nisse

102 888 300 948 contenderis.
352 891 489 948 Attamen
523 889 605 964 prinu
639 903 705 947 cum
741 889 908 948 Semlero
946 891 1172 950 ilasolaarie

101 991 288 1070 (οοοοοοοε.
310 993 349 1050 de
368 993 527 1052 nonnullis
552 992 699 1053 Actorum
719 991 792 1051 loeta
809 1007 843 1067 p.
860 991 919 1050 84.
937 990 1006 1069 ap.)
1032 991 1172 1052 Flattio

101 1093 253 1153 Winero
277 1091 402 1166 aliisque
427 1092 596 1170 posteriori,
632 1093 710 1170 quoi
735 1093 864 1167 Koppe
890 1097 919 1152 et
945 1095 1089 1180 liniger
1114 1094 1173 1154 ic-

102 1197 242 1272 iendum,
272 1193 494 1269 praeicienium
521 1194 691 1254 iudicamus.
743 1193 823 1253 Satis
855 1193 1038 1268 probabiliter
1066 1197 1192 1276 quippe

101 1295 263 1372 Apostolus
288 1310 351 1356 rem
376 1295 541 1373 primariam
566 1299 652 1372 etque
676 1295 835 1374 insignem,
867 1312 924 1372 qua
951 1297 1042 1356 veluti
1066 1313 1171 1357 novam

30 1473 34 1480 Ι
101 1397 292 1458 inchoaverat
309 1397 416 1474 vitam,
445 1401 580 1473 tauquam
599 1397 749 1457 terminum
772 1399 814 1478 (a
839 1399 918 1476 quo)
939 1399 1027 1458 ruenti
1046 1399 1104 1458 alte
1122 1399 1173 1458 ln-

88 1503 191 1562 ‘naum
215 1499 344 1558 tenuisse
369 1497 558 1558 existimatur.
608 1499 674 1558 Neo
693 1500 778 1560 alite
805 1504 885 1559 reete
913 1505 1112 1576 computentur
1131 1499 1173 1560 iiii

101 1600 318 1680 quatuordecim
329 1601 398 1660 anni
418 1602 455 1659 ie
468 1601 572 1675 quibus
588 1601 655 1662 tini.
677 1604 712 1681 2,
726 1603 756 1662 1.
768 1601 936 1661 videbimus.
977 1601 1061 1672 Quod
1075 1601 1174 1662 Lucas

101 1705 185 1767 Aen
205 1707 239 1784 9,
252 1706 307 1764 23.
329 1701 366 1762 ‹ie
388 1701 609 1762 commoratione
624 1703 707 1763 Pauli
725 1702 800 1790 iuter
815 1705 1010 1764 Dammcenoe
1026 1703 1173 1778 perhibens

103 1785 159 1873 uie
180 1801 215 1867 ii
242 1803 435 1885 ἐπληροῦντο
468 1794 611 1886 ἡμέραι
646 1799 864 1866 ixnvnlete.
888 1805 1003 1866 minime
1030 1811 1175 1884 repugnat

102 1909 188 1968 citato
208 1907 344 1967 Paulines
374 1899 472 1987 μετὰ
494 1903 558 1980 ὲόη
579 1903 670 1986 spic
693 1911 747 1966 etc.
768 1921 860 1982 neque
887 1911 1056 1985 argumento
1075 1907 1174 1967 hiser-

101 2009 161 2086 vit,
181 2023 238 2085 qno
258 2009 395 2083 probetur
416 2007 582 2066 coniectura
607 2013 692 2067 acute
712 2007 825 2083 quidem
846 2009 966 2068 detonat
991 2007 1174 2070 Kocbleri

101 2111 135 2169 in
153 2109 175 2168 l.
195 2111 216 2168 l.
236 2125 265 2186 p.
279 2107 309 2167 1.
330 2101 394 2184 epp.
417 2107 516 2168 locum
536 2107 687 2169 Paulinum
713 2111 751 2168 (ie
776 2111 833 2169 aiio
851 2110 954 2170 linere
972 2109 1077 2173 seriori
1095 2111 1174 2170 ilie-

104 2211 242 2284 rosolprn.
255 2209 481 2288 intelligendum
501 2225 577 2288 ease,
598 2211 673 2286 quui
689 2209 787 2272 Lucas
806 2211 933 2272 inActis
952 2209 1174 2273 ailentlctrans-
1265 2229 1269 2238 ·

102 2313 180 2374 ierit.
226 2311 357 2389 Etenim,
387 2325 474 2386 quum
499 2311 638 2372 substant
670 2301 817 2395 ἡμέραι
844 2315 875 2372 in
900 2305 1034 2374 sermone
1060 2315 1175 2390 quidem
1194 2321 1199 2336 ·

104 2416 145 2476 N.
166 2415 201 2474 il.
220 2413 300 2474 hauri
319 2429 387 2474 rnre
406 2414 515 2490 pariter
539 2418 625 2489 atque
646 2409 797 2494 χρόνος
824 2415 861 2474 ie
888 2417 1011 2490 quonam
1037 2417 1174 2490 temporis

92 2517 196 2592 epatis
215 2531 274 2574 non
294 2515 459 2574 accuratius
481 2515 594 2575 delinito
614 2516 783 2575 adhibeatur
809 2516 1075 2597 (Murc.13,20.
1096 2519 1175 2578 mn.

105 2621 163 2698 17,
175 2621 228 2680 22.
251 2619 305 2697 19,
317 2619 376 2677 43.
397 2617 477 2680 Actn
493 2620 528 2697 a,
541 2618 600 2678 24.
620 2618 720 2694 lllpltlt.
740 2619 774 2696 ὅ,
792 2618 845 2677 16.
865 2617 947 2699 ab),
974 2619 1042 2677 licet
1062 2617 1174 2678 omnino

100 2720 175 2780 illud
196 2711 316 2800 ἡμέραι
338 2713 449 2778 ἱκαναὶ
468 2719 570 2778 eodem
590 2717 654 2778 iure
679 2733 735 2794 quo
759 2716 883 2800 χρόνος
904 2715 1019 2788 ἱκανὸς
1045 2737 1068 2780 e.
1086 2715 1174 2800 χρό-

104 2843 157 2884 νοι
178 2817 284 2883 ἱκανοὶ
304 2823 382 2882 Lete.
394 2824 451 2901 20,
462 2823 495 2878 9.
517 2823 573 2899 23,
587 2821 618 2879 8.
639 2819 719 2881 Aen.
727 2820 762 2900 8,
775 2820 827 2880 11.
841 2823 881 2881 nt.
900 2822 939 2880 aul
957 2821 1175 2884 natusrenrre

102 2922 240 2997 temporis
259 2921 457 2998 intervallmu,
476 2921 514 2980 ai
534 2923 686 2980 inennium
706 2925 796 2982 totum
816 2924 892 2998 quoi
912 2923 1021 2984 Paulus
1038 2923 1174 2984 Damasci

101 3023 260 3102 transegit,
281 3025 503 3084 commoratione
521 3023 635 3099 quidem
654 3023 684 3083 in
704 3023 777 3084 locis
796 3025 925 3085 Arabiae
945 3021 1068 3085 desertis
1088 3041 1173 3085 com-

104 3127 232 3202 putando
252 3127 365 3201 aiiita3
386 3141 547 3200 quanquam
568 3125 606 3185 ie
626 3141 715 3185 sensu
734 3125 793 3186 loci
812 3127 889 3186 lani
909 3127 950 3186 ita
961 3129 1087 3186 statuere
1107 3143 1174 3186 rna-

103 3229 172 3305 ilm,
190 3231 223 3286 ut
240 3227 340 3288 nume
353 3227 433 3290 Acti.
447 3231 480 3307 9,
497 3231 550 3288 se.
571 3241 628 3287 non
648 3231 708 3286 tam
728 3229 766 3286 de
785 3233 843 3287 toto
863 3228 912 3288 illo
932 3228 1054 3288 triennio
1071 3227 1174 3306 (eom-

104 3330 210 3408 pletn)
231 3329 378 3406 cogitasse
398 3329 591 3405 existimetur,
611 3344 696 3404 quam
716 3330 754 3388 de
774 3342 809 3386 ea
828 3333 925 3406 parte,
945 3345 1034 3406 qnae,
1053 3343 1175 3388 reverso

105 3431 198 3490 Paulo
218 3427 391 3492 maecum
412 3445 450 3497 cx
469 3430 596 3507 Arabia,
623 3431 721 3504 elapso
740 3431 842 3508 fucrit,
872 3431 965 3490 ‹loneo
984 3431 1089 3492 tenaci
1110 3433 1175 3491 lia-
1296 3451 1297 3454 ¹

104 3533 235 3592 nascent
253 3533 344 3593 Paulo
365 3533 533 3612 insidiantes
554 3545 590 3590 eo
610 3548 701 3606 usqne
721 3533 976 3611 progrederentur,
995 3533 1074 3592 ntie
1087 3535 1175 3608 Apo-

104 3637 185 3726 stoln‘
198 3635 394 3707 interficiendo
414 3634 614 3694 deliberarent.
656 3636 701 3695 De
721 3635 831 3712 conns,
852 3649 942 3711 quere
963 3635 1068 3694 ceteris
1080 3635 1176 3694 inter-

103 3737 233 3813 pretibus
259 3721 402 3812 caleulum
429 3735 550 3812 uidam,
575 3735 766 3796 munionem
793 3736 874 3798 Acti.
896 3729 931 3817 9,
943 3739 988 3798 28
1004 3769 1039 3782 -
1055 3739 1110 3798 eb.
1139 3721 1177 3796 ie

105 3839 206 3900 οοᾱοοι
227 3839 309 3900 Pauli
329 3839 434 3899 itinere
459 3837 601 3898 metebel.
622 3837 850 3920 explicantibus,
878 3827 961 3899 cuius
981 3838 1087 3898 mentio
1107 3833 1136 3897 h.
1156 3839 1176 3897 l.

104 3943 134 4001 in
155 3942 275 4015 epistola
294 3945 393 4002 noema
412 3943 491 3999 tama
517 3945 578 4018 est,
606 3957 700 4016 neque
725 3942 895 4016 Apostolum
915 3944 981 4016 post
1002 3927 1175 4000 conversioss
1208 3921 1212 3928 ¹

104 4057 171 4102 nem
193 4059 280 4102 unum
300 4044 492 4103 tantummode
516 4057 645 4101 mensem
671 4044 748 4117 apni
775 4044 971 4130 Damascenos
998 4043 1176 4120 transegisse

106 4145 282 4222 axisbmem
308 4147 426 4205 uberius
447 4145 566 4218 exposui
585 4145 616 4204 in
635 4145 723 4205 libroa
745 4147 932 4222 Erirtnunp
952 4147 1065 4222 etntper
1079 4146 1176 4204 ariele-

107 4252 188 4326 upna
209 4249 376 4336 ebruewloy.
399 4249 518 4308 Pnnlrte
537 4250 572 4306 tn
598 4250 653 4308 uer
676 4247 959 4326 bebmspeaabiette
978 4249 1032 4306 dea
1051 4241 1179 4322 Αροειέῑ
