2724 4826
188 406 262 476 llo
341 408 449 498 Epist.
471 407 497 474 l.
522 407 566 475 ad
589 405 764 476 Thessali.
791 405 830 474 G.
852 405 914 482 lv,
935 405 979 476 V.
1003 404 1039 474 7.
1057 403 1095 473 Β.

180 587 236 643 tem
258 581 333 661 (boo
353 579 443 660 enim,
463 598 527 642 enm
548 581 707 659 plerisque,
734 597 771 642 ex
789 578 925 639 universa
952 579 1088 640 orationis
1114 581 1252 655 praeced.

181 687 257 745 serie
276 688 390 745 facilius
410 685 538 758 suppleri
557 685 735 760 putaverim,
761 699 845 757 quam
867 698 932 740 cnm
957 681 1081 741 Peltio
1110 675 1249 760 ἅνθρω-

182 806 245 846 πον
267 787 304 845 ad
323 789 389 846 vbb.
414 803 444 844 v.
465 785 494 844 6.
523 780 593 846 τόν
618 777 795 861 ἀδελφὸν
817 775 940 843 adsoni
961 783 1084 842 referris
1112 797 1171 842 non
1189 783 1252 842 ho-

179 887 284 946 minem
303 888 473 967 contemnit,
496 888 562 944 dnm
583 887 668 942 fratri
687 885 819 944 iniuriam
839 883 928 962 tacit)
949 887 1004 942 aed
1022 886 1135 962 Derane,
1153 899 1251 944 vona-

180 987 264 1044 tionis
293 979 462 1068 ἇγιασμόν
492 987 676 1064 efflagitantis
702 989 862 1062 auctorem,
888 984 971 1042 cuius
997 983 1167 1058 interpretes
1192 1003 1251 1046 sn-

181 1105 252 1146 rnna.
300 1091 364 1148 Etsi
384 1089 462 1147 haud
482 1089 621 1164 dltsrtear,
648 1087 867 1146 enuntiationem
893 1086 1061 1158 simpliciter
1086 1091 1251 1164 negantem,

180 1205 264 1264 qnam
285 1205 351 1248 voe.
374 1183 457 1249 dno
480 1189 617 1266 excipiat,
637 1189 773 1263 subinde,
793 1189 819 1246 si
838 1203 959 1246 sennam
980 1187 1141 1264 definieris,
1167 1187 1250 1248 limi-

180 1292 256 1350 tibus
277 1290 564 1350 circumscribendam
584 1290 692 1348 videri:
714 1305 776 1348 non
797 1295 860 1348 tarn
880 1320 913 1332 -
939 1303 1041 1366 ponor,
1062 1305 1086 1346 s.
1108 1306 1171 1348 non
1190 1306 1248 1350 ao-

181 1393 256 1471 tam,
277 1393 350 1468 aed,·
375 1393 557 1464 interpretem
582 1394 676 1449 tamen
704 1387 843 1449 eiusmodi
869 1405 981 1463 quoque
1006 1389 1080 1447 locis
1107 1406 1250 1464 nunqnam

180 1495 291 1565 oportet
309 1493 461 1571 negligere
481 1494 539 1550 tim
554 1493 705 1551 oratoriam
718 1490 912 1568 (emphasin),
932 1507 1015 1564 quam
1033 1489 1135 1566 forma
1152 1507 1250 1550 enun-

180 1593 306 1650 tiationis
326 1595 492 1665 simpliciter
520 1609 631 1670 negans
659 1592 772 1654 habeat
819 1591 878 1648 Vd.
905 1591 1032 1650 Winer
1060 1593 1250 1654 &matoria

181 1700 236 1752 eto.
251 1695 296 1751 ad.
309 1697 375 1752 ΙΙΙ.
387 1711 420 1768 p.
433 1695 517 1752 414.
531 1709 574 1770 sq.
616 1694 702 1752 Hand
722 1692 829 1768 exigna
848 1695 989 1750 sermonis
1009 1695 1152 1770 gravitate
1172 1710 1249 1754 con-

181 1795 271 1852 tendit
289 1794 461 1870 Apostolus,
487 1793 514 1852 sl
534 1795 598 1867 quis
617 1793 703 1852 homo
725 1794 905 1853 Christianus
925 1794 1020 1870 legem
1041 1795 1249 1855 sanctimoniae

182 1894 262 1955 nihili
282 1894 399 1970 habeat,
418 1895 496 1952 bunc
515 1896 591 1972 legis
613 1899 783 1955 contemtum
803 1898 861 1952 tam
882 1895 1048 1971 manifesto,
1074 1900 1132 1954 tam
1151 1896 1247 1968 perti-

180 1997 290 2056 naciter
327 2011 490 2072 repugnare
523 1999 669 2057 voluntati
703 2000 822 2055 dmiccc
850 1991 1019 2054 Christianis
1045 1997 1249 2070 perspicuitate

116 2109 122 2118 ·
180 2111 290 2156 summa
309 2100 484 2174 patefactae,
509 2101 541 2155 nt
560 2097 616 2154 hac
635 2099 667 2156 in
681 2113 715 2157 re
737 2099 849 2156 omnino
870 2113 926 2154 non
946 2113 1040 2156 sermo
1067 2100 1105 2156 sit
1125 2100 1162 2158 de
1187 2115 1247 2158 an·

181 2198 310 2255 ctoritate
330 2197 524 2272 praeceptoris
542 2197 658 2256 humant
678 2201 813 2275 neglecta
825 2199 907 2276 (etsi,
926 2198 1001 2256 bane
1018 2193 1142 2274 negligi,
1161 2216 1245 2261 nemo

181 2299 366 2376 negaverit),
390 2301 443 2358 sed
463 2301 500 2357 de
519 2300 610 2372 ipsius
629 2299 764 2360 Numinis
784 2302 894 2360 Summi
915 2304 1066 2359 contemtu
1107 2301 1170 2358 Cir.
1198 2301 1245 2358 ai-

181 2401 286 2460 militer
312 2401 441 2473 opposita
462 2403 561 2460 Mure.
574 2405 607 2481 9,
625 2406 678 2462 37.
707 2403 786 2464 Acti.
798 2408 833 2482 5,
843 2406 880 2461 4.
929 2403 963 2461 In
990 2401 1043 2477 lis,
1070 2415 1143 2474 quac
1161 2416 1249 2474 porro

177 2502 218 2560 de
243 2502 304 2559 lieo
329 2503 530 2575 praedicantur
556 2494 626 2562 τὸν
655 2500 724 2562 aci
753 2497 882 2562 δόντα
907 2507 963 2561 ete.
995 2509 1024 2560 et
1054 2503 1091 2559 de
1120 2501 1251 2580 consilio,

182 2615 238 2675 qno
247 2601 405 2674 Apostolus
425 2603 498 2659 haee
518 2602 668 2678 addiderit,
689 2607 719 2663 et
739 2605 775 2661 de
795 2603 861 2662 leot.
873 2621 944 2662 vera
964 2623 993 2662 v.
1011 2603 1050 2666 8.,
1062 2617 1107 2660 ex.
1129 2603 1248 2676 discep-

179 2705 264 2758 tatur.
311 2703 441 2779 Etenim,
469 2705 589 2776 probata
613 2703 679 2762 lect
707 2705 823 2781 vulgari
855 2703 910 2770 stc
937 2695 1066 2784 ἡμᾶς,
1094 2705 1248 2782 quaeritur,

179 2806 273 2861 ulrum
292 2793 402 2882 ἡμᾶς
421 2806 528 2862 rectirm
549 2807 586 2862 de
605 2805 749 2879 Apostoto
770 2810 892 2882 cismo-oe
911 2809 999 2866 accite
1022 2805 1063 2882 [s.
1087 2808 1124 2864 de
1144 2808 1249 2864 docto-

181 2903 260 2963 ribus
282 2903 397 2963 Clnistt
423 2905 576 2983 univerae)
604 2905 793 2984 intelligatur,
819 2923 893 2980 qnae
919 2907 1032 2982 quidem
1053 2907 1248 2980 interpretatio

180 3008 332 3079 propterea
351 3004 381 3063 in
400 3010 512 3079 promtu
537 3006 630 3080 posita
651 3022 717 3066 esse
737 3009 867 3084 videtur,
894 2989 969 3082 qnod
997 3009 1063 3079 vbb,
1089 3009 1245 3082 praeoedd.

180 3099 240 3167 οὐκ
261 3097 441 3182 ἄνθρωπον
461 3099 585 3180 ἀθετεῖ,
606 3112 638 3166 nt
657 3109 743 3167 modo
763 3109 902 3184 vidimus,
928 3109 966 3166 ad
991 3110 1126 3168 doctores
1152 3127 1247 3168 evan·-

94 3223 99 3236 *
178 3206 249 3284 getii
275 3207 447 3283 respiciunt;
475 3225 511 3266 an
532 3208 704 3268 omninode
728 3213 863 3270 omnibus
885 3211 1002 3270 consto
1023 3212 1163 3288 oddiotim
1190 3227 1247 3286 qno

129 3345 131 3350 -
178 3323 266 3366 sensu
285 3307 343 3380 Ap.
367 3325 397 3366 v.
419 3307 448 3366 7.
469 3308 594 3367 dixeratr
621 3303 770 3370 ἐκάλεσεν
797 3299 889 3387 ἡμᾶς
909 3307 985 3368 etot
1033 3311 1141 3378 Quodsi
1165 3314 1246 3386 prins
1330 3315 1333 3318 '

177 3408 361 3485 probaveris,
383 3428 436 3469 nr.
461 3399 556 3486 ἅγιον
577 3412 615 3468 de
636 3411 797 3468 adiumento
818 3410 874 3468 dic.
894 3411 1040 3486 invisibili,
1062 3413 1138 3486 quod
1158 3414 1246 3488 Apo-

176 3508 257 3568 stolis
284 3525 438 3584 eorumque
472 3513 560 3570 sociis
593 3512 749 3570 doctrinam
777 3511 846 3569 Chr.
874 3512 1049 3570 tradentibus
1084 3515 1248 3592 eontigerit,
1313 3581 1315 3585 Α

177 3624 330 3682 eorumque
350 3613 544 3670 anctoritatem
565 3613 691 3672 divinam
712 3613 940 3684 comprobaverit
955 3611 1022 3689 (vd.
1043 3629 1069 3672 o.
1081 3614 1111 3672 1.
1140 3632 1170 3674 v.
1187 3614 1249 3696 (a),

176 3709 216 3766 ita
235 3713 268 3766 ut
294 3725 396 3808 causa,
423 3728 512 3800 qnare
538 3713 667 3772 homines
693 3714 915 3795 cohortationem
943 3717 1128 3786 apostolicam
1154 3733 1246 3794 repn-

152 3890 157 3898 .
177 3809 286 3868 diantes
306 3815 386 3868 recte
407 3812 537 3871 dicantur
556 3815 650 3886 ipsum
675 3818 767 3874 Deum
788 3809 928 3891 ἀθετεῖν,
948 3815 1011 3894 hoc¹
1025 3819 1108 3876 modo
1129 3819 1246 3878 uberius

174 3911 343 3969 illustretur:
392 3913 507 3990 Deum,
535 3913 667 3993 inquam,
696 3918 749 3991 qni
777 3919 852 3975 odeo
871 3919 1011 3990 spiritum
1036 3934 1125 3978 worn
1151 3935 1245 3978 ceow-

149 4031 152 4038 ’
174 4016 305 4071 rmtdom
323 4015 426 4092 nobb,
448 4017 616 4074 doctoribus
622 4059 634 4095 ,
656 4019 825 4090 conttnpere
844 4021 931 4076 iurati
940 4060 953 4095 ,
981 4035 1038 4076 non
1059 4022 1167 4077 tantum
1187 4037 1245 4079 no-

174 4111 220 4171 bis
240 4113 479 4186 praedicationem
500 4117 645 4192 evangelii
671 4117 864 4193 demandavit,
890 4119 943 4176 aed
964 4119 1049 4178 etiam
1077 4118 1173 4198 (καὶ)
1194 4122 1246 4180 ri-

173 4227 222 4270 res
255 4213 385 4292 insignes
418 4215 568 4275 concessit.
610 4209 782 4280 atridam
813 4219 968 4297 πνεῦμα
1003 4217 1058 4287 ete
1081 4239 1193 4298 τινα,
1217 4223 1246 4280 si
