2740 4828
163 357 192 430 4
534 345 856 468 prolegomena.¹

164 535 232 600 tem
253 531 360 598 renel
378 534 567 620 deum
588 521 692 615 (ἅπαξ
716 533 773 600 καὶ
793 534 859 612 ἃς)
887 524 1032 617 pecunia
1056 531 1235 600 transmit·

165 634 268 700 tenda
289 633 495 707 sublevasse.
538 633 619 719 (itui
640 634 727 702 lorte
749 632 965 718 coniecerim,
986 631 1129 700 Paulum
1152 633 1186 698 h.
1206 632 1233 699 i.

165 736 208 802 de
236 734 303 802 alio
331 743 480 823 tempore
502 736 692 822 cogitasse,
721 757 785 824 quo
812 737 932 812 iterum
959 732 1234 802 Thessalonicen

166 836 322 923 adiisset,
350 837 512 904 eiusmodi
541 837 811 904 commorationis
836 833 935 904 Pauli
965 834 1053 900 inter
1074 835 1232 904 Thessa-

165 937 255 1032 lonn.
277 936 414 1005 serioris
439 938 565 1006 indicia
585 947 681 1008 carta
700 945 889 1006 monstrare
911 942 1097 1025 nequeunt,
1117 935 1174 1005 vel
1196 937 1235 1002 in

165 1039 265 1107 Actis
290 1041 378 1128 App.
413 1039 470 1107 vel
504 1039 537 1105 in
570 1039 722 1127 epistolis
754 1039 907 1106 Paulinis
939 1038 1106 1124 casinis)
1155 1037 1234 1112 Quo

165 1139 290 1210 laetius
316 1141 483 1228 euangelii
509 1142 674 1230 professio
702 1142 790 1210 inter
806 1140 978 1224 „Eihnicos
1003 1138 1233 1206 Thessalonn.

166 1241 333 1328 effloruit,
362 1263 402 1308 cc
430 1241 543 1309 acrius
562 1243 773 1311 Judaeorum
800 1243 910 1312 odium
932 1242 966 1308 in
987 1239 1129 1308 Paulum
1152 1263 1234 1308 con-

168 1345 307 1414 citatum
328 1351 392 1411 est.
441 1341 578 1433 ltaque,
606 1344 774 1412 adiunctis
796 1343 861 1409 sihi
882 1343 1070 1413 hominihus
1092 1363 1136 1408 ex
1157 1341 1234 1410 inli-

167 1468 224 1514 ma
244 1444 360 1533 plebe,
387 1443 680 1533 circumforaneis,
708 1445 810 1513 turha
837 1444 999 1531 collecta,
1027 1444 1234 1512 tumultuan-

168 1553 222 1613 tes
245 1544 400 1631 adgressi
422 1554 500 1614 sunt
521 1551 653 1618 domum
682 1546 815 1614 Iasonis
836 1546 973 1633 (dodaci
995 1547 1039 1614 ad
1061 1546 1235 1614 Christum

168 1648 353 1734 conversi),
381 1647 437 1735 qni
462 1646 605 1717 Paulum
633 1673 709 1718 cum
737 1649 839 1716 sociis
865 1647 1011 1734 hospitio
1038 1656 1234 1736 exceperat,

167 1756 206 1817 ut
226 1748 302 1815 illos
330 1749 373 1814 nd
399 1748 556 1816 iudicium
584 1757 753 1840 raperent.
791 1748 897 1824 ‘Quos
923 1771 1022 1838 quum
1049 1772 1116 1818 non
1141 1752 1235 1818 inse-

167 1850 312 1937 nisseut,
333 1848 487 1918 Iasonem
511 1852 618 1938 ipsum
646 1860 682 1919 et
709 1850 795 1918 ulios
822 1851 984 1940 quosdam
1001 1852 1146 1920 *Christo
1175 1853 1235 1921 ad·

169 1952 296 2038 dictos,
325 1949 359 2016 in
381 1950 454 2017 eins
483 1953 624 2022 aedibus
651 1960 915 2038 commorantes,
944 1955 988 2022 ad
1013 1953 1247 2040 magistratus·

169 2052 321 2121 urbanos
342 2060 594 2141 protraxerunt,
627 2063 828 2124 accusantes
843 2055 1031 2142 -lasonem,
1058 2057 1146 2144 qued
1174 2054 1235 2120 ho-

169 2155 287 2242 mines,
313 2153 549 2242 imperatorem
571 2155 767 2243 prolitentes
786 2156 926 2242 desum,
948 2156 1089 2225 Caesari
1115 2157 1235 2226 adver-

170 2264 302 2344 santes,
330 2256 474 2344 hospitio
508 2259 708 2344 excepisset.
758 2258 981 2344 Magistratus
1013 2257 1163 2347 quidem,
1194 2278 1235 2324 re

170 2358 324 2444 cognita,
345 2356 502 2426 iasonem
528 2364 729 2448 ceterosque
755 2360 976 2445 dimiserunt,
1008 2367 1152 2446 accepta
1179 2379 1235 2424 sa-

169 2460 361 2540 tisdatione.
413 2459 596 2526 Christiani
631 2481 711 2528 vero
748 2459 1030 2528 consultissimum
1065 2459 1236 2528 existima-

170 2568 266 2648 runt,
287 2567 326 2626 ut
345 2559 504 2646 Paulum,
533 2559 656 2647 Silam,
679 2561 894 2629 Timotheum
915 2561 1040 2650 absque
1061 2583 1158 2630 mora
1177 2581 1237 2628 no-

172 2670 236 2737 ctu.
253 2661 458 2730 deducerent
485 2661 518 2727 in
541 2661 642 2728 aliam
664 2663 884 2732 Macedoniae
906 2663 1034 2750 urbem,
1056 2663 1236 2747 Beroeam,

154 2764 296 2850 -exiguo
338 2762 489 2831 locorum
531 2762 708 2832 intervallo
748 2763 997 2834 Thessalonica
1045 2764 1237 2830 distantem.

173 2865 262 2933 Acti.
288 2862 350 2950 17,
365 2861 510 2930 5-10.
553 2865 626 2933 Nec
648 2865 766 2952 desiit,
790 2865 929 2936 absente
950 2864 1076 2952 Paulo,
1098 2864 1150 2930 ira
1170 2863 1239 2930 ler-

173 2987 254 3034 vere
279 2964 499 3032 Judaeorum.
548 2965 671 3053 immo,
701 2967 756 3056 qni
778 2967 1047 3034 Thessalonicae
1074 2963 1238 3054 Apostolo

173 3065 303 3132 frustra
335 3066 402 3156 uim
436 3066 561 3135 inferre
587 3068 692 3136 moliti
720 3067 872 3156 fuerant,
907 3069 964 3137 nbi
997 3075 1239 3154 cognoverant,

174 3167 297 3240 multos
330 3176 365 3250 ct
390 3167 601 3236 dudaeorum
635 3178 671 3236 et
702 3169 886 3238 Gentilium
912 3170 1152 3238 Beroeensinm
1181 3170 1238 3236 do-

176 3271 318 3338 ctrinam
345 3271 388 3337 de
409 3269 562 3358 Christo,
589 3271 697 3341 Panlo
725 3278 761 3340 et
781 3271 855 3338 Sila
881 3271 1138 3358 praeeuntibus,
1168 3289 1237 3336 am-

128 3469 132 3474 ·
244 3459 275 3518 2)
294 3460 371 3519 onae
387 3461 479 3513 Lucas
495 3459 576 3516 Acti.
594 3460 648 3531 17,
666 3461 696 3512 5.
713 3461 851 3528 perhibet,
867 3471 923 3514 non
939 3461 1135 3525 demonstrant,
1153 3458 1236 3524 etap-

175 3545 215 3594 sis
232 3545 320 3595 trihus
342 3539 491 3612 σαββάτοις
508 3551 548 3608 (v.
565 3547 605 3606 Β.)
629 3545 781 3610 confestim
803 3548 944 3598 exstitisse
960 3549 1050 3611 iilam,
1075 3556 1146 3608 qrrac
1169 3557 1194 3592 v.
1212 3535 1239 3592 d,

176 3641 251 3691 seqq.
268 3635 409 3697 narratur,
425 3631 596 3682 Jndueorum
612 3632 782 3694 seditionem,
794 3629 908 3680 Paulum
926 3629 1068 3682 discedere
1086 3629 1238 3692 cogentem.

176 3712 274 3777 immo,
297 3719 441 3778 postquam
455 3717 619 3782 Apostolus,
642 3716 765 3766 doctrina
788 3714 822 3764 de
843 3716 913 3765 Jesn
935 3713 1045 3765 christo
1065 3711 1188 3761 deitatis
1209 3711 1240 3760 ci

177 3798 327 3862 proselytis
348 3811 398 3862 per
425 3801 481 3850 tria
507 3798 624 3848 subbata
639 3800 668 3849 in
690 3803 828 3850 conventu
855 3809 937 3850 sacro
961 3799 1100 3864 exposito,
1123 3793 1239 3846 iehcicri

177 3893 311 3933 successu
327 3883 495 3946 aliquamdiu
511 3881 671 3932 Gentilibus
688 3882 744 3941 (vd
762 3892 833 3944 quae
850 3893 935 3944 snpra
952 3883 985 3933 de
1001 3885 1066 3934 leet.
1084 3873 1142 3928 uel
1165 3867 1239 3938 iliri-

177 3981 229 4016 cor
261 3968 388 4025 diximus)
412 3967 526 4016 eandem
555 3966 707 4016 doctrinam
734 3965 986 4032 commendaverat,
1012 3965 1125 4031 Judaei,
1154 3961 1239 4014 Panlo

178 4063 240 4102 cum
259 4051 410 4102 conminus
427 4050 599 4101 familiariter
614 4051 738 4100 versanti
755 4051 879 4114 graviter
896 4053 1093 4100 aiiccenseiites
1112 4047 1196 4108 (quod
1212 4048 1240 4095 iu

178 4141 254 4187 textu
263 4131 338 4202 vulg.
355 4134 433 4188 neit
443 4135 463 4189 1.
475 4133 494 4186 t
512 4147 574 4187 voc.
590 4126 748 4199 ζηλώσαντες
756 4133 928 4198 exprimitur)
939 4133 973 4186 de
986 4133 1104 4186 tunultu
1116 4133 1240 4197 cogitare

179 4225 340 4285 coeperant.
