2740 4828
502 393 820 486 Prolegomena.
1170 397 1194 466 7
1273 457 1278 468 „

122 566 344 658 transegerit,
378 568 570 640 accuratius
599 567 728 638 deliniit
753 559 856 656 (Asta
882 558 1018 658 18,1.)
1056 569 1089 658 o)
1110 567 1194 636 Sen-

124 673 266 738 tentiam
296 669 466 762 plerisque
501 671 677 760 probatam
716 671 781 742 hae
820 679 962 760 utraque
995 669 1194 762 ohffioultate

124 774 230 862 premi
260 775 379 861 doeet,
407 774 494 863 qued
522 773 655 840 omniuo
676 771 820 862 intelligi
848 779 1011 862 nequeat,
1052 779 1090 860 ὰ)
1114 793 1194 862 qua-

123 879 223 942 moda
245 873 375 942 Paulus
403 875 437 943 Ι.
466 873 633 943 Theaua.
657 873 695 963 ii,
720 875 753 942 1.
776 873 813 942 8.
836 875 1016 943 aslflrmare
1038 873 1195 962 potuerit,

124 995 164 1044 se
192 977 299 1044 ιοΙιιω
320 975 463 1044 Athenis
489 977 694 1045 remansisse
722 984 855 1067 (quum,
885 975 950 1046 etsi
977 975 1196 1044 Timotheum

124 1077 396 1146 Thessalonicen
427 1077 591 1158 misisset,
625 1081 805 1148 etiamnum
828 1087 942 1146 tamea
965 1075 1071 1145 Silam
1094 1073 1195 1147 hahe-

124 1187 180 1248 rel
207 1179 399 1269 comitem),
431 1181 468 1267 β)
495 1199 600 1271 quare
627 1182 742 1249 Lucas
769 1177 860 1250 Acts.
887 1176 949 1267 18,
972 1176 1008 1247 5.
1036 1201 1195 1250 narrare·

125 1283 187 1360 rit,
212 1303 283 1350 una
315 1302 391 1348 oum
419 1278 601 1350 Timotheo
630 1281 803 1350 Silvanum
833 1305 875 1352 ex
901 1276 1103 1372 Macedonia
1131 1271 1195 1348 co-

124 1385 272 1458 rinthum
294 1385 431 1453 venisse
453 1387 496 1451 ad
518 1381 733 1474 Apostolum,
756 1407 856 1472 quum
877 1383 971 1451 solus
991 1379 1195 1450 Timotheus

124 1487 180 1570 (I.
212 1483 383 1554 Thessali.
414 1483 451 1573 3,
479 1485 559 1572 8.),
591 1506 654 1553 neo
687 1495 851 1575 aterque,
886 1485 1029 1553 Athenis
1059 1480 1195 1574 legatus

123 1589 249 1656 inisset
270 1591 314 1656 ad
335 1585 683 1656 Thessalonicensesl
727 1587 823 1664 Quae
847 1588 979 1678 quidem
1006 1609 1195 1674 repugnan-

122 1693 193 1760 tiae
216 1691 350 1779 speoies
371 1687 565 1776 evanescit,
592 1687 622 1756 sl
644 1689 743 1758 modo
765 1689 993 1760 coniecturum
1016 1686 1194 1756 admiseris

122 1791 259 1860 facilem
266 1841 278 1880 ,
300 1811 344 1860 ex
365 1790 438 1878 ipso
460 1789 578 1858 Luoae
599 1791 791 1860 testimonio
813 1789 906 1860 Acte.
930 1790 993 1880 18,
1016 1789 1053 1860 5.
1082 1793 1193 1860 oriun-

124 1899 221 1979 dam,
262 1893 479 1980 Apostolum,
511 1891 656 1960 Atheuis
689 1896 886 1982 degentem,
927 1895 1041 1984 utique
1074 1893 1193 1962 eodem

123 2007 287 2084 tempore,
308 2016 374 2083 qao
386 1993 604 2062 Timotheum
615 1993 886 2066 Thessalonicen
907 1995 1070 2084 mitteret,
1090 1994 1193 2064 etiam

124 2099 219 2166 Silae
246 2096 447 2182 mandasse,
474 2103 512 2164 nt
540 2096 573 2161 in
601 2093 701 2164 aliam
725 2097 947 2166 Maoedouiae
968 2097 1085 2164 urhem
1111 2096 1192 2185 (for-

124 2221 186 2268 san
215 2197 407 2287 Philippos,
441 2203 502 2264 aut
534 2197 734 2284 Beroeam),
765 2200 883 2268 eodem
921 2194 1078 2286 oonsilio,
1114 2219 1193 2266 sese

124 2297 306 2370 conferret.
351 2298 422 2368 cfr.
442 2299 738 2386 Burgsrhoodt
758 2301 930 2387 specimen
951 2297 1191 2367 uota1.laud.

123 2425 155 2491 p.
182 2401 271 2470 ist.
315 2401 389 2470 Neo
416 2399 545 2487 obstat,
573 2400 661 2490 qnod
681 2401 811 2470 Paulus
844 2399 878 2469 1.
906 2397 1072 2468 Theaua.
1094 2397 1131 2487 8,
1153 2398 1191 2468 2.

73 2573 76 2578 ,
123 2504 223 2572 huius
250 2503 348 2571 &loo
368 2502 550 2589 legationis
572 2504 773 2572 mentionem
795 2503 920 2571 nullam
943 2501 1068 2591 inierit,
1089 2501 1192 2592 siqui-

123 2609 198 2674 dem
219 2604 243 2672 l.
265 2603 290 2672 l.
312 2603 447 2672 minime
468 2603 643 2672 historiam
664 2625 778 2674 rerum
800 2605 944 2673 omnium
965 2603 1110 2672 Athenis
1131 2626 1190 2690 ge·

123 2715 253 2775 starum
276 2725 447 2794 exponere
467 2704 672 2792 instituerat,
693 2709 753 2776 sed
775 2728 819 2775 es
839 2711 968 2774 tantum
991 2727 1190 2774 commemo-

121 2831 219 2898 rare,
253 2828 341 2897 quae
378 2807 730 2877 Thessaloru'oomsim
760 2831 867 2877 eausa
890 2804 1042 2877 lecisset.
1091 2806 1189 2876 Post-

122 2933 222 3002 quam
244 2910 393 2996 Paulus,
420 2918 563 3000 utroque
589 2909 737 2978 muneris
764 2910 856 2978 socio
883 2911 928 2979 ad
955 2917 1073 2980 eostur
1094 2908 1190 2977 curi.

122 3015 271 3098 stianos,
299 3011 419 3102 quihus
447 3011 661 3080 consolandis
690 3019 725 3081 et
745 3009 980 3081 eontirmaudi's
1008 3017 1079 3078 tum
1106 3017 1189 3079 tem·

122 3115 214 3203 poris
236 3113 381 3181 maxime
402 3112 579 3182 oonsalera
599 3113 721 3192 voluit,
747 3113 881 3202 legato,
909 3111 1113 3204 aliquamdiu
1134 3135 1189 3180 so-

122 3215 178 3284 lus
199 3213 346 3282 Athenis
373 3223 598 3282 commoratus
618 3215 746 3302 suerat,
775 3215 952 3301 evangelia
972 3215 1188 3284 Atheniensi·

122 3319 187 3384 hus
197 3315 379 3386 nuntiando
394 3325 590 3405 occupatus,
614 3315 813 3385 dorsum
828 3317 922 3385 ahiit.
964 3310 1056 3385 Aeol.
1073 3313 1136 3405 18,
1154 3317 1187 3383 1.

120 3417 162 3486 ln
186 3419 324 3486 eandem
346 3417 464 3484 urbem
492 3417 593 3506 paulo
620 3426 698 3507 post
717 3415 919 3486 Timotheus
940 3426 975 3486 et
996 3418 1087 3486 Silas
1110 3439 1187 3488 sese
1227 3447 1230 3454 ·

122 3518 337 3589 contulerant
357 3517 461 3606 (Aes.
486 3517 548 3607 18,
571 3519 634 3606 a),
654 3519 818 3609 apostolo
840 3520 961 3588 iterum
982 3522 1187 3609 nuntiantes,

122 3644 211 3712 qaae
253 3621 428 3709 hueusque
469 3619 558 3689 iuter
597 3619 926 3690 Thessalonicenses
968 3625 1185 3692 accidissent.

121 3723 408 3792 commendabant
435 3723 557 3812 quippe
577 3721 685 3790 Paule
706 3732 742 3790 et
770 3725 992 3792 constantiam
1020 3725 1186 3812 insignem

120 3825 289 3914 animique
317 3823 566 3911 tortitudinem,
594 3846 661 3914 qua
688 3825 871 3895 Christiani
897 3825 947 3894 illi
973 3833 1111 3914 propter
1137 3825 1185 3892 in-

117 3948 264 4012 genuam
286 3927 440 3995 veritatis
461 3926 703 4015 professionem
726 3929 906 3998 durissima
927 3949 1077 4018 quaeque
1098 3925 1186 3994 inter

114 4029 271 4097 ,ludaeos
304 4029 458 4115 perpessi
485 4028 630 4115 t'aeriut,
656 4029 773 4117 Pauli,
801 4028 950 4096 daetaris
981 4027 1050 4105 sui,
1081 4030 1186 4116 proha

115 4151 297 4206 memores,
319 4129 458 4218 eiusque
479 4131 614 4200 sistendi
636 4131 804 4202 desiderio
820 4131 1017 4218 flagrantes,
1038 4135 1075 4197 et
1095 4151 1184 4198 sum-

115 4253 209 4314 mata
229 4253 346 4301 eorum
366 4252 453 4320 erga
479 4231 565 4301 alios
586 4231 713 4301 Christi
742 4231 891 4304 cultores
915 4224 1216 4335 benevolentiam,
