2744 4824
178 379 262 455 ³⁰8
557 383 876 472 prolegomena·

167 555 297 622 -dncem
310 551 459 620 habebat
471 553 507 622 et
527 555 798 644 antesignanum,
819 557 941 646 quippe
963 557 1020 647 qni
1040 557 1144 650 paulo
1165 566 1249 627 ante
1359 577 1360 596 ¹

160 654 376 742 ¹Apostolum
398 677 519 724 recens
543 678 742 726 conversum
765 668 800 727 ct
821 659 1023 726 Christianis
1040 659 1252 742 ‘Hierosoly-

178 757 312 824 mitanir
341 755 454 838 (Acte.
469 753 507 844 9,
523 755 588 824 26.
606 760 670 848 sq.)
701 760 751 826 ita
780 765 1090 849 commendaverat,
1116 771 1156 830 nt
1183 763 1253 830 sibi

164 861 431 947 persuaderent,
460 875 536 926 eum
555 882 596 928 rc
617 883 702 930 vera
722 867 794 930 toto
816 865 927 931 animo
949 867 991 932 ad
1014 885 1115 932 sacra
1135 873 1251 932 trans·

177 962 260 1028 iisse
290 960 500 1041 Christiana,
530 969 563 1029 et
592 961 626 1031 in
654 963 836 1032 ecclesiam
862 965 1110 1034 Antiochenam
1142 966 1250 1033 intro-

124 1121 128 1129 .
177 1065 321 1131 duxerat
343 1062 456 1146 (Acce.
473 1063 534 1150 11,
550 1061 640 1151 25.).
684 1065 755 1133 cfr.
774 1060 1023 1158 1111111551).
1046 1069 1101 1136 ubi
1123 1091 1250 1136 nomen

162 1163 356 1233 -Barnabae
376 1163 487 1231 locum
509 1165 637 1233 obtinet
658 1172 834 1256 1111515111,
856 1165 989 1236 Σαύλου
1013 1172 1248 1255 [11111ιὶ0115.

139 1343 141 1352 ⁴
178 1266 322 1354 Contra,
345 1288 432 1354 quac
453 1266 582 1334 Paulus
604 1269 655 1334 ad
677 1268 760 1338 Gal.
793 1293 825 1337 c.
844 1269 881 1337 2.
911 1273 953 1337 de
982 1271 1102 1339 itinere
1123 1271 1249 1338 Hiero-

160 1368 296 1450 ·sclym.
313 1369 496 1458 rebusque
523 1369 581 1435 illo
609 1379 761 1458 tempore
788 1373 897 1457 gestis
924 1373 1097 1459 exposuit,
1128 1373 1248 1460 utique
1359 1411 1360 1440 1

131 1539 139 1551 ,
177 1472 311 1557 docent,
331 1471 400 1537 iam
421 1470 584 1558 potiorem
606 1470 714 1540 fuisse
734 1472 833 1540 Pauli
855 1475 1101 1542 auctoritatem.
1145 1474 1247 1551 Quod

177 1573 263 1642 scite
285 1573 412 1640 monuit
433 1573 616 1641 Hemsen
638 1572 661 1640 Ι.
682 1572 707 1640 1.
734 1596 767 1660 p.
785 1571 850 1642 68.
893 1576 958 1641 His
980 1578 1022 1642 dc
1044 1575 1157 1643 causis
1178 1599 1247 1642 uon

160 1676 291 1748 ‚dubito
313 1676 358 1741 ad
379 1682 496 1762 partes
518 1697 632 1742 eorum
655 1679 833 1762 accedere,
855 1676 1067 1764 qniPaulum
1088 1677 1140 1744 ad
1161 1676 1248 1746 001.

177 1777 265 1866 2,1.
289 1779 331 1844 de
352 1780 457 1844 tertio
472 1781 685 1868 potetatem
703 1778 823 1846 itinere
835 1778 971 1846 Hieros.
992 1779 1104 1860 (neu.
1123 1802 1154 1847 c.
1170 1778 1247 1865 15.)

157 1880 402 1966 cogitavisse,
430 1901 494 1946 nec
522 1887 601 1946 aute
630 1887 831 1948 conventum
859 1879 1029 1948 Hierosol.
1055 1882 1146 1950 ,banc
1174 1880 1261 1966 epi-¹

158 1981 297 2050 ¹stolam
326 1979 558 2066 consignatam
592 2003 669 2049 csse
703 1983 918 2050 contendunt.
969 1983 1144 2070 Ueterum,
1177 1983 1247 2050 nisi

158 2086 219 2152 -iis
251 2075 516 2171 interpretibus,
551 2083 607 2171 qui
635 2084 781 2150 maxime
808 2085 842 2151 in
875 2103 919 2152 eo
944 2085 1117 2150 offendunt
1155 2085 1246 2172 quoti

175 2184 360 2274 Apostolus
389 2186 455 2254 iter
482 2188 666 2253 secundum
693 2184 864 2252 Hierosol.
893 2183 1008 2267 (Acts.
1024 2185 1084 2262 11,
1101 2183 1183 2275 30.)
1209 2186 1246 2252 iu

177 2312 230 2377 cp.
253 2289 297 2356 ad
320 2287 397 2356 Gal.
421 2287 554 2355 silentio
576 2286 755 2355 transiisse
777 2285 1002 2368 existimetur,
1027 2309 1168 2372 prorsus
1190 2309 1245 2354 ra-

177 2391 365 2467 tisfacinnt,
393 2411 480 2476 quac
514 2410 619 2474 supra
646 2392 689 2458 dc
725 2413 831 2459 causa
856 2389 1048 2455 omissionis
1078 2389 1247 2475 probabili

156 2495 349 2580 -disputata
370 2499 466 2572 suut,
494 2490 564 2556 alia
584 2511 716 2580 quoquc
737 2493 772 2560 iu
792 2499 927 2579 promtu
953 2497 1007 2559 est
1034 2490 1246 2558 difficultatis

176 2594 407 2682 expediendae
429 2591 526 2658 ratio.
566 2592 643 2678 Nisi
664 2595 775 2662 omnia
797 2617 851 2662 me
872 2592 1001 2667 fallunt,
1022 2593 1130 2662 verba
1144 2592 1246 2660 Parrli

180 2694 312 2770 Gan,
328 2697 360 2760 1.
382 2691 526 2762 ἔπειτα
547 2695 619 2762 διὰ
644 2691 968 2782 δεκατεσσάρων
989 2696 1089 2763 ἐτῶν
1110 2702 1177 2764 eto.
1201 2697 1245 2762 du

175 2798 303 2866 dorobm
323 2798 394 2864 illis
410 2786 569 2884 Apostoli
591 2797 774 2866 crines-iun
794 2797 1139 2884 Hurmlymsanu,
1162 2820 1243 2886 quo-

155 2925 248 2968 -ruru
269 2900 363 2987 prius
392 2899 505 2981 (Acts
528 2901 587 2981 11,
610 2899 688 2988 3⁰.)
716 2921 792 2966 mun
818 2897 992 2968 Bernaba
1018 2897 1131 2981 (Gau
1152 2897 1188 2980 2,
1209 2900 1245 2967 1.

155 3000 258 3093 peric
279 2996 467 3089 Βαρνάβα),
486 3002 655 3087 posterius
670 2996 781 3083 (Acer.
799 2998 858 3082 15,
873 2999 925 3088 2.)
946 3023 1022 3066 cum
1043 3001 1160 3066 eodem
1180 3001 1246 3068 ala·-

174 3111 270 3195 s'eque
302 3103 402 3183 fecit,
434 3103 467 3169 iu
500 3125 642 3191 quorum
671 3121 812 3171 numero
845 3110 916 3169 tum
949 3101 1111 3188 temporis
1140 3102 1246 3170 Titus

114 3272 117 3278 1
174 3209 286 3277 fuisse
305 3205 390 3272 satis'
412 3203 860 3291 probabiliterexistimatur
882 3202 992 3287 (aar.
1006 3203 1044 3284 2,
1058 3204 1092 3269 1.
1115 3225 1246 3290 cuperc-

153 3307 328 3401 ιραλὰβιύν
350 3311 405 3375 καὶ
431 3307 570 3390 (lirum
596 3307 703 3374 amul
717 3307 872 3397 &wellegi
882 3317 1044 3394 porcum
1068 3307 1246 3374 dnmmodo

155 3419 211 3480 set
231 3410 300 3479 διὰ
322 3412 535 3478 bisarnum
559 3409 661 3475 treis
688 3417 823 3477 vertere
844 3406 1022 3490 maluerisr
1051 3408 1142 3476 intra
1163 3431 1245 3500 que·

173 3511 361 3580 tuordecim
382 3533 507 3597 annor,
528 3509 760 3584 irchrlanfe
780 3531 846 3578 von
870 3507 923 3576 14
942 3508 1073 3576 Jebren
1101 3509 1179 3596 (cfr.
1202 3511 1246 3579 (ie

172 3615 239 3682 hoc
260 3635 324 3680 usn
345 3635 500 3702 praepos.
524 3609 580 3680 διὰ
602 3610 693 3680 Asu.
709 3613 744 3698 1,
758 3609 794 3678 3.
806 3607 844 3696 5,
862 3605 923 3676 19.
938 3605 1005 3697 23,
1020 3609 1084 3678 31.
1106 3610 1246 3680 Hebrr.

176 3705 325 3803 2,15.),
348 3722 383 3780 ct
404 3717 446 3780 dc
468 3714 589 3783 vocula
610 3709 740 3781 πάλιν
761 3712 930 3798 tenueris,
953 3731 1029 3778 eam
1051 3713 1142 3780 haud
1163 3735 1244 3781 raro

153 3821 220 3885 -arl
241 3815 405 3883 eiusmodi
425 3839 496 3882 rem
519 3816 652 3896 referri,
675 3835 761 3903 quae
781 3818 909 3880 oberrem
929 3818 1121 3902 aaronque
1141 3822 1246 3901 gesta

174 3919 247 3986 sive
269 3919 419 4001 gerenda
440 3916 618 4004 cogitetur,
638 3915 762 3984 Mauo.
776 3913 841 4000 211,
850 3914 885 3983 5.
907 3912 1243 4001 Jo.4‚13.15t‚28.

175 4021 321 4086 Sensus:
351 4018 489 4104 deinde,
518 4016 730 4090 elabentibus
757 4016 1010 4106 quatuordecim
1038 4013 1153 4100 annis,
1180 4015 1245 4082 ite·

174 4128 252 4188 rata
271 4120 347 4190 vice
368 4143 421 4188 mc
444 4117 569 4186 contuli
589 4116 862 4202 Hierosolymas,
892 4137 966 4182 curn
988 4112 1150 4182 Bernaba
1170 4115 1246 4203 qni-

176 4223 268 4309 dem,
301 4217 471 4308 (posthac)
502 4219 668 4288 adsumto.
690 4218 792 4309 etium
820 4217 914 4286 Tito.
963 4214 1127 4286 Sermone
1159 4237 1244 4284 usus
