2744 4824
177 365 261 447 8⁰4
560 367 876 458 Prolegomena.

177 561 256 616 osse
278 541 467 610 comitatos.
509 544 552 624 c)
569 539 668 618 Quod
681 539 810 610 Paulas
832 541 884 608 ad
904 539 1040 631 Gobii,
1054 539 1091 612 a.
1124 542 1257 614 Hiero-

176 645 326 728 solymae
359 665 398 712 se
426 641 617 731 profectum
645 663 724 710 esso
752 643 929 731 profitetur
953 643 1164 715 revelatione
1192 648 1258 714 cd·

175 749 338 826 monitum
359 746 473 814 divina
500 740 585 828 (κατ’
609 741 858 837 ἀποκάλυψιν),
882 747 1052 814 consentit
1072 748 1134 834 iis,
1162 769 1256 838 quae

174 849 268 928 Acta.
292 849 355 936 11,
371 844 436 916 28.
457 867 528 938 sqq.
559 847 601 914 de
621 847 745 934 Agabo
771 849 937 936 propbeta
962 857 1162 936 narrantur,
1189 849 1257 918 irn-

174 961 257 1042 peta
275 951 397 1026 ,divino
424 950 548 1016 famem
576 971 732 1035 magnam
757 971 835 1018 mox
863 951 1025 1018 orituram
1051 950 1256 1036 vaticinam,

176 1075 263 1144 qnae
286 1054 394 1120 farnes
416 1073 516 1149 quum
541 1051 747 1140 exstitisset,
775 1050 904 1120 Paulus
926 1059 963 1120 et
983 1053 1162 1121 Barnabas
1191 1054 1254 1122 be·

174 1156 297 1226 neficia
318 1155 465 1224 collecta
484 1153 740 1236 Hierosolymas
762 1156 992 1242 deportarunt.
1036 1156 1083 1239 d)
1101 1155 1253 1224 Enarrat

174 1257 361 1348 Apostolus
381 1257 433 1324 cd
446 1255 529 1328 Gal.
546 1255 583 1344 2,
596 1253 634 1322 9.
662 1277 701 1324 se
720 1256 983 1345 Barnabemque
1005 1257 1135 1327 dextris
1158 1258 1253 1326 datis

177 1382 254 1430 cum
271 1360 390 1446 Petro,
409 1357 553 1445 Jacobo‚
574 1357 708 1426 Joaune
730 1358 795 1426 boc
816 1357 1001 1446 pepigisse,
1021 1367 1061 1426 nt
1080 1359 1155 1448 ipsc
1176 1362 1252 1450 qui-

179 1466 255 1534 dem
278 1471 313 1530 et
333 1461 511 1530 Barnabas
532 1459 733 1548 gentilibus,
760 1458 809 1528 illi
837 1472 919 1528 vero
939 1460 1084 1530 Judaeis
1110 1464 1250 1550 potissi·

176 1587 268 1634 mum
290 1563 544 1632 doctriuamde
566 1563 702 1632 Gbristo
723 1565 909 1634 traderent.
957 1564 1023 1632 His
1044 1564 1145 1652 plane
1168 1587 1250 1634 con·

175 1666 296 1755 sentit,
324 1666 413 1756 qnod
440 1665 555 1734 Lucas
587 1665 622 1732 in
649 1664 747 1732 Aca'r
771 1673 950 1755 postquem
978 1689 1009 1736 c.
1029 1667 1092 1734 11.
1119 1689 1173 1738 ex.
1201 1670 1248 1736 dc

175 1769 327 1838 secundo
348 1765 447 1836 Pauli
474 1765 596 1836 itinere
617 1766 787 1840 Hierosoi.
809 1768 955 1854 dixerat,
982 1765 1096 1838 0:12.
1124 1792 1159 1839 r.
1180 1767 1248 1838 25.

175 1869 289 1940 ο.13.
311 1869 357 1936 in.
378 1875 525 1938 testatus
546 1875 617 1956 est,
638 1867 782 1936 Panium
801 1869 1060 1959 Barnabamquc
1081 1871 1247 1941 Hieroso-

173 1973 274 2057 lymis
296 1971 468 2060 digressos
490 1991 569 2040 esse
588 1972 632 2039 ad
649 1971 793 2058 gentiles
807 1973 1062 2042 convertendos.
1092 1980 1133 2060 e)
1147 1975 1247 2050 Quod

172 2073 303 2144 Penius
329 2075 381 2142 ad
406 2071 490 2144 Gal.
509 2071 546 2162 2,
567 2073 631 2142 10.
658 2074 768 2150 addit,
797 2073 906 2162 iprum
930 2073 1193 2165 Barnabarnqne
1221 2099 1246 2144 a

176 2177 300 2262 ceteris
320 2174 496 2264 Apostolis
518 2175 707 2244 admonitos
729 2196 825 2262 esse,
853 2183 908 2264 nt,
937 2177 1089 2264 quamvis
1109 2179 1245 2264 gentili·

173 2280 237 2350 bus
258 2279 470 2368 potissimum
492 2279 727 2346 convertendis
749 2299 886 2366 operam
911 2299 1008 2346 snam
1032 2279 1245 2368 addicerent,

173 2403 292 2451 caram
323 2389 435 2451 tamen
465 2387 625 2467 gererent
655 2401 858 2468 pauperum,
888 2381 945 2472 qui
973 2380 1062 2448 inter
1087 2380 1245 2450 Judaeos

174 2491 309 2570 essent,
344 2505 389 2552 ex
420 2482 463 2549 iis
498 2483 624 2571 optime
651 2481 857 2569 illustratur,
891 2505 978 2572 qnae
1005 2482 1122 2552 Lucas
1149 2483 1241 2554 Aca

176 2585 240 2672 11,
255 2582 319 2652 29.
341 2585 384 2652 de
405 2583 547 2658 consilio
568 2583 699 2652 itineris
711 2583 812 2656 Pauli
826 2583 995 2652 Hierosol.
1017 2586 1161 2652 secundi
1182 2609 1241 2654 ex·

171 2687 296 2776 posuit.
338 2686 437 2756 Haec
458 2686 685 2775 cruciavero,
705 2687 827 2755 iterum
849 2686 1036 2775 iterumque
1054 2685 1244 2775 explorate,

173 2790 312 2858 adrem
332 2789 539 2877 probandam
561 2789 719 2858 sufficere
739 2811 806 2859 non
826 2787 1000 2871 videntur,
1021 2809 1085 2858 nec
1107 2790 1243 2877 desunt,

172 2911 261 2980 qaae
273 2891 475 2960 sententiam
490 2891 694 2960 corbariam
705 2890 1072 2976 magisoommeudent.
1100 2897 1146 2974 a)
1155 2891 1243 2960 Gon·

171 2992 298 3082 silium,
321 3015 386 3083 quo
399 2993 527 3062 Paulus
549 3013 595 3060 ea
613 2993 902 3079 commemorarit,
922 3013 1009 3082 quac
1028 3013 1058 3060 c.
1076 2992 1112 3060 1.
1128 2991 1166 3062 2.
1188 3015 1244 3082 ep.

169 3095 224 3164 od
246 3095 329 3164 ont
351 3093 528 3182 leguntur,
548 3095 683 3162 minime
704 3091 932 3181 efflagitabat,
953 3100 993 3160 ut
1013 3093 1142 3182 omnia,
1170 3095 1242 3184 qai·

170 3196 236 3266 bus
257 3198 431 3288 bucusque
452 3195 708 3279 Hierosolymas
729 3196 888 3284 adiisset,
914 3194 1039 3264 itinera
1059 3219 1241 3288 perseque-

170 3307 277 3368 retur.
319 3297 466 3370 Nolebat
487 3300 610 3388 quippe
631 3299 664 3366 b.
686 3298 710 3366 l.
736 3298 828 3368 ritae
850 3317 934 3364 suae
955 3296 1030 3364 fata
1050 3304 1086 3365 et
1106 3299 1238 3368 vicissi-

170 3401 307 3472 tudines
326 3420 501 3470 enarrare.
543 3401 661 3488 Immo,
684 3423 771 3490 qnae
789 3400 855 3466 bae
868 3401 911 3466 de
930 3420 971 3467 re
993 3397 1117 3486 attulit,
1138 3423 1240 3490 prop-

171 3509 283 3570 terea·
296 3500 453 3572 attulisse
480 3503 723 3572 existimandus
753 3511 826 3589 est,
854 3509 893 3573 nt
919 3502 1129 3572 documentis
1165 3503 1238 3592 qni·

171 3603 314 3672 busdam
334 3606 517 3696 praecipue
537 3605 726 3693 insignibus
753 3604 875 3693 partim
903 3605 1155 3692 comprobaret,
1182 3625 1242 3674 rc-

170 3727 245 3774 ram
271 3707 497 3792 cognitionem
531 3716 578 3776 et·
592 3707 847 3797 persuasionem
875 3704 1103 3775 Christianam
1129 3727 1242 3800 nequo

62 3895 65 3905 Ι
168 3829 233 3896 por
253 3817 387 3878 ceteros
408 3809 599 3898 apostolos,
620 3832 728 3898 neque
750 3808 883 3876 omnino
905 3807 1048 3876 aliorum
1068 3807 1240 3876 bominum

169 3931 253 3998 opo,
280 3911 343 3978 sed
363 3910 581 3981 revelationis
603 3912 737 3981 divinae
757 3910 922 3980 beneficio
949 3910 1014 3977 sibi
1043 3909 1241 3996 contigisse,

168 4009 293 4099 partim
314 4033 353 4078 se
375 4011 502 4082 ceteris
522 4013 685 4101 apostolis
707 4014 911 4082 anctoritate
932 4035 1050 4103 parem
1072 4012 1115 4080 ab
1129 4012 1242 4101 iisque

169 4133 288 4182 rerum
309 4113 437 4184 christi
457 4114 616 4203 legatum
629 4116 779 4203 agnitum
800 4137 878 4186 osse
899 4116 1119 4191 ostenderat.⁴
1152 4115 1239 4190 Pro-

167 4212 246 4284 inde
267 4215 405 4305 silentii,
427 4235 494 4308 quo
514 4217 642 4307 etpost.¹
657 4219 724 4288 iter
744 4219 929 4290 secundum
948 4215 1136 4307 eandem,
1158 4239 1240 4288 cau·
