2740 4828
378 495 391 514 ο
506 389 818 479 ereremum
1141 371 1223 460 as‘

125 562 286 651 oeenrrit,
308 569 405 631 certo
427 561 600 652 oolligere,
623 555 821 650 Apostolum
843 559 878 628 iu
900 561 1024 630 ceteris
1039 561 1194 630 omnihus

126 665 281 754 epistolis
302 688 365 753 per
387 665 532 734 soriham
556 664 764 750 oonsiguatis
777 663 902 732 nullam
917 671 1046 750 partem
1064 685 1194 752 aarum,

123 789 211 857 quae
232 767 297 835 suh
318 767 418 836 mem
439 767 616 855 leguntur,
643 765 883 834 salutationum
904 785 1005 832 manu
1026 787 1089 834 sua
1111 787 1191 834 exa·

123 891 242 955 rasse,
275 870 341 936 etsi
363 871 428 938 hoe
447 891 513 936 uon
536 869 660 958 ubique
680 865 825 934 formula
849 865 1002 932 sollemni
1024 853 1193 936 iudieare-

124 971 181 1038 rit.
201 971 249 1058 ¹²)
297 970 522 1057 &Ceterum
549 992 658 1058 neque
685 969 720 1036 in
747 967 965 1036 similitudine
995 969 1193 1036 offendimus

123 1072 277 1140 locorum
298 1073 333 1140 Ι.
350 1073 517 1140 Thessali.
536 1073 571 1160 1,
586 1070 623 1139 s.
637 1093 709 1160 sqq.
744 1072 802 1139 ΙΙ.
818 1069 984 1138 Thessali.
1003 1070 1043 1155 1,
1059 1067 1095 1136 8.
1109 1093 1193 1160 sqq,

124 1193 214 1264 qnae
237 1173 421 1242 similitudo
443 1175 477 1242 iu
499 1197 540 1242 eo
562 1181 692 1242 tautum
714 1180 882 1259 versatur,
904 1178 942 1237 ut
955 1170 1083 1240 Paulus
1102 1180 1193 1240 utre·

123 1299 191 1366 qne
213 1276 290 1343 loeo
311 1276 387 1342 Deo
410 1277 540 1362 gratius
563 1281 645 1361 agat
666 1295 727 1361 pro
755 1273 815 1340 illa
842 1281 877 1340 et
904 1273 1136 1360 persuasionis
1158 1283 1194 1343 el

122 1377 251 1448 amoris
280 1376 463 1446 Christiani
498 1376 708 1462 constantia,
734 1397 832 1464 quam
856 1372 1192 1464 'Thessalonioenses

123 1480 301 1568 hueusque
323 1479 555 1566 praestiterint
583 1479 687 1568 (quod
714 1499 813 1566 quam
835 1476 986 1544 lubenter
1006 1478 1193 1564 Apostolus

122 1580 266 1666 feeerit,
284 1579 448 1669 *exempla
475 1583 597 1654 dooent
624 1579 788 1666 epistolas
816 1581 860 1645 ad
882 1579 1070 1666 Romanos,
1092 1581 1119 1648 l.
1148 1585 1192 1650 sd

122 1681 338 1768 Corinthios,
378 1683 422 1749 ad
456 1680 709 1768 Philippenses,
742 1683 786 1747 ad
813 1679 1035 1748 Golosseuses
1069 1681 1191 1771 c.1.);

121 1805 234 1874 neque
262 1791 445 1871 propterea
479 1790 673 1870 suspectam
700 1781 827 1848 hahere
855 1802 1032 1868 possumus
1069 1784 1191 1871 episto-

121 1887 190 1955 lam
219 1885 460 1973 posteriorem,
495 1886 582 1973 quod
618 1885 723 1950 effata
751 1883 999 1971 desiderentur,
1032 1907 1118 1973 quae
1146 1889 1191 1954 ad

121 1990 246 2074 vitam,
282 2009 339 2055 res
369 1994 502 2073 gestes,
535 1986 671 2053 labores
698 1985 772 2052 Pau
849 1985 988 2074 eiusque
1022 2009 1097 2052 eum
1126 1987 1192 2056 hae

122 2090 276 2159 ecelesia
302 2087 588 2156 uecessitudinem
621 2087 768 2175 respicis
807 2133 816 2153 .
867 2087 972 2154 Talia
1000 2089 1087 2155 enim
1114 2111 1191 2176 pro-

120 2192 214 2261 iecte
250 2191 435 2259 obveniunt
462 2189 581 2278 epil.
604 2211 635 2256 o.
653 2185 697 2274 2,
725 2211 757 2256 v.
779 2185 813 2256 9.
835 2185 870 2256 ὅ.
892 2188 953 2256 15.
987 2211 1017 2254 e.
1033 2187 1077 2275 a,
1099 2212 1137 2260 v.
1154 2191 1190 2260 2.

122 2317 151 2364 v.
169 2292 320 2362 6-11.
370 2290 455 2366 Quis
482 2291 580 2379 pluro
602 2290 773 2358 desideret
800 2289 834 2356 in
863 2287 1006 2376 epistola
1034 2289 1192 2381 breviori,
1301 2339 1303 2346 ,

122 2395 251 2484 elapsis
288 2393 404 2462 forsan
438 2394 555 2481 paucis
583 2393 753 2462 mensibus
785 2391 930 2477 priorem
965 2391 1192 2482 subsequutal

121 2498 273 2566 Prorsus
295 2495 440 2562 Paulina
469 2504 523 2564 est
543 2503 579 2568 et
601 2494 800 2563 elocutionis
827 2493 986 2562 universe
1016 2504 1192 2582 spectatae
1262 2559 1272 2580 ,

121 2608 156 2668 et
177 2620 302 2668 seeum
325 2595 531 2684 singularum
554 2579 839 2684 iormularuurque
861 2595 990 2663 indoles
1006 2597 1118 2681 (cuius
1140 2601 1191 2667 rei

120 2699 315 2787 exemplum
338 2721 420 2786 prae
447 2700 572 2768 ueteris
594 2699 838 2767 observandum
866 2697 1025 2766 laudasse
1048 2700 1193 2768 sufficiat
1219 2735 1220 2741 κ

120 2802 264 2890 phrasin
287 2801 326 2868 0.
341 2800 385 2868 ll.
407 2823 440 2869 v.
457 2797 494 2866 ὓ.
518 2801 650 2868 obviam
672 2794 717 2878 ὡς
729 2792 793 2885 ὅτι,
814 2807 951 2886 praeter
971 2801 1061 2868 huno
1082 2801 1191 2870 loenm

119 2903 174 2970 his
196 2909 329 2970 tantum
356 2903 391 2968 in
412 2901 457 2968 N:
477 2901 516 2968 F.
544 2906 632 2990 apud
656 2905 799 2970 eundem
821 2900 963 2969 Paulum
985 2912 1192 2990 usurpatam,

118 3008 180 3076 11.
204 3002 384 3093 cormello,
408 3000 445 3092 5,
468 3000 528 3070 19.
553 3004 614 3090 11,
635 3001 724 3089 lh).
773 3003 971 3071 Sententiae
999 3027 1114 3072 onmes
1142 3013 1192 3072 at-

120 3130 189 3197 que
211 3111 399 3193 praesepta
419 3127 559 3191 prorsus
581 3105 784 3174 conveniunt
805 3105 837 3174 ei
858 3105 1033 3192 religionis
1049 3130 1192 3174 morum.

120 3231 189 3298 qua
236 3207 461 3292 institutioni,
505 3229 603 3296 quam
644 3208 772 3294 scripta
807 3207 951 3276 Paulina
991 3209 1191 3295 exprimunt.

121 3311 227 3386 Quae
247 3310 309 3396 Ep.
325 3307 369 3374 ll.
392 3307 476 3385 (1.2,
498 3331 530 3377 v.
550 3309 584 3376 1.
611 3309 714 3377 habet
738 3314 808 3392 (καὶ
832 3303 926 3394 ἡμῶν
947 3311 1194 3397 ἐπισυναγωγῆς

117 3407 168 3480 ἐπ’
203 3406 321 3494 αὐτὸν)
349 3411 529 3478 manifesto
558 3411 743 3498 respioiunt
769 3415 813 3478 ad
834 3411 896 3498 Ep.
917 3410 947 3498 l,
968 3435 997 3480 o.
1015 3410 1053 3498 4,
1075 3435 1108 3481 v.
1130 3413 1191 3482 17.

102 3513 280 3602 *Itemque
302 3512 411 3580 verba
431 3513 494 3600 Ep.
507 3509 552 3578 ll.
576 3536 606 3581 e.
623 3511 661 3598 2,
684 3510 793 3579 v.13.
824 3515 872 3578 ita
894 3521 1059 3601 apparent
1080 3517 1195 3584 versui

122 3613 191 3682 12.
216 3617 387 3704 φροηῖα,
409 3621 448 3682 nt
467 3611 569 3680 iaeile
591 3622 730 3700 pateat,
751 3621 856 3680 totam
878 3615 982 3704 illam,
1005 3638 1091 3705 quae
1112 3641 1194 3685 uou-

115 3715 226 3784 nullis
249 3725 410 3802 suspeotn
430 3713 546 3799 fuerit,
568 3715 753 3783 sectionem
766 3715 827 3804 Ep.
840 3714 887 3806 ll,
909 3742 939 3787 o.
954 3715 990 3785 ὓ.
1004 3742 1037 3788 v·
1053 3719 1193 3788 1-1tt

115 3817 405 3907 quemadmodum
439 3815 551 3902 Capiti
570 3815 599 3882 l.
633 3817 738 3904 probe
774 3819 956 3887 oohaereat
968 3868 979 3906 ,
1013 3821 1062 3886 ita
1092 3822 1195 3888 etiam
1225 3860 1232 3870 ·

114 3941 201 3988 oum
223 3917 357 4006 reliqna
376 3925 474 4004 parte
486 3917 616 4004 Capitis
628 3919 673 3986 11.
691 3941 781 3986 nexu
802 3919 992 3988 firmissimo
1008 3943 1094 3996 ,esse
1116 3946 1194 3990 eeu·

192 4075 242 4134 12)
267 4073 309 4126 De
331 4075 392 4137 ipsa
415 4074 522 4137 quidem
551 4075 649 4140 priora·
672 4075 706 4126 ad
729 4077 865 4127 'fhesaalh
889 4077 1004 4139 epistola
1028 4091 1083 4129 nou
1106 4084 1195 4133 ausim

113 4163 233 4215 certius
251 4159 380 4224 definire,
403 4162 496 4207 utrum
513 4160 662 4222 Apostolus
680 4173 742 4210 eam
758 4163 805 4212 uel
824 4163 960 4226 integram
984 4161 1029 4212 vel
1051 4166 1196 4217 maximam

114 4253 234 4312 parson
250 4255 301 4308 per
316 4243 440 4293 saritam
453 4245 612 4294 mrsrsserlt
629 4243 685 4300 (vd.
703 4243 834 4296 uetere
857 4247 886 4296 tu
903 4249 1050 4298 comment.
1071 4255 1140 4302 noes
1153 4248 1193 4300 11.

112 4328 199 4386 laud.
217 4341 243 4394 p.
257 4327 330 4394 le),
346 4337 385 4378 sn
398 4331 483 4378 mauu
499 4337 552 4380 sua
569 4329 783 4394 temptaverit.
901 4337 910 4355 ·
1188 4323 1189 4328 ’

506 4429 508 4432 .
943 4409 995 4474 3*
