2744 4824
517 379 830 470 Prolegomnna.
1131 379 1213 452 280

143 560 285 644 propter
303 551 403 626 tidem
423 552 500 624 [loc
522 552 671 622 habitam
699 551 867 640 promissa
893 549 1007 622 divine
1033 553 1075 624 de
1102 551 1212 624 salute

143 664 356 744 posterorum
377 656 561 744 acceperit.
590 655 629 724 Ο.
643 653 706 741 lll,
729 653 872 740 5-1v,
886 651 949 724 21.
994 653 1091 731 aueo
1113 677 1213 744 argu-

143 766 292 826 mentum
314 759 365 825 ita
384 756 614 847 persequitur,
641 763 680 824 ut
700 777 743 822 ex
769 754 921 843 pluribus
949 756 1138 844 scripturae
1157 783 1213 826 sa-

145 880 227 928 crae
248 857 292 928 V.
315 859 359 926 Τ.
380 858 465 926 locis
486 861 661 944 ostendat,
682 856 849 933 bominem
871 857 1003 938 ommino
1024 881 1091 926 non
1112 882 1213 948 posse

142 960 223 1048 lege
244 960 458 1030 observande
476 960 523 1048 (ἐξ
543 959 646 1051 ἔργων
666 954 786 1047 νόμου)
813 959 875 1026 sed
893 958 999 1026 πίστει
1024 959 1098 1028 neo
1118 957 1215 1032 reddi

143 1064 339 1152 probatum,
367 1065 573 1152 locatque,
604 1061 696 1128 illam
732 1081 819 1150 quae
845 1060 1018 1128 Abraamo
1053 1063 1213 1133 divinitus

146 1165 348 1252 contigisset
380 1165 635 1253 promissionem
662 1163 742 1250 lege
769 1161 924 1230 Moesica
954 1162 1106 1252 pluribus
1137 1187 1213 1236 rae·

145 1267 233 1336 culis
254 1273 333 1355 post
353 1267 483 1354 scripta
499 1289 565 1334 non
581 1263 710 1332 irritam
727 1262 854 1332 factam
873 1286 962 1351 esse,
983 1266 1106 1354 quippe
1127 1291 1214 1358 qnae

143 1368 317 1456 legislatio
339 1389 380 1434 eo
401 1375 532 1435 tantum
559 1365 699 1434 consilio
721 1366 925 1454 accesserit,
952 1375 992 1434 nt
1023 1370 1215 1457 paedagogi

145 1470 256 1537 instar
290 1469 473 1540 severioris
510 1469 731 1538 vitiositatem
763 1470 959 1556 coerceret,
992 1487 1099 1559 usque
1136 1473 1214 1542 dum

145 1571 306 1642 Gbristus
327 1571 543 1661 adpariturus
565 1576 675 1656 essct,
696 1591 758 1658 per
779 1569 985 1658 doctrinam,
1006 1592 1093 1660 quae
1114 1572 1214 1644 iidem

145 1674 286 1762 (πίστιν)
315 1675 437 1762 exigit,
464 1670 557 1742 laeta
583 1672 809 1759 nuntiantem,
837 1671 1005 1758 promissa
1025 1675 1216 1764 antiquiore

144 1783 271 1846 eventu
292 1775 485 1864 plenissimo
509 1773 794 1862 comprobantem,
815 1772 859 1840 iis
872 1773 1037 1862 omnibns,
1058 1777 1115 1866 qni
1133 1778 1214 1847 buc·

144 1899 255 1969 usqne
276 1878 346 1965 legi
366 1886 526 1968 tanquam
548 1876 686 1946 servitio
713 1875 858 1964 inissent
885 1875 1031 1954 addicti,
1063 1887 1098 1946 et
1130 1901 1214 1968 pne.

143 2001 261 2050 rorum
294 1981 403 2048 instar
440 1981 641 2069 paedagogo
675 1978 989 2067 obtemperassent,
1022 1977 1213 2050 libertatern

143 2082 291 2155 liliorum
322 2081 389 2150 Dei
421 2080 718 2170 (perfectissimum
751 2079 818 2149 Ilei
844 2097 1012 2167 amorem,
1044 2081 1213 2172 fiduciam,

145 2185 374 2273 virtutemque
400 2183 524 2251 laetam
552 2183 631 2250 inde
665 2182 855 2258 oriundam,
883 2203 958 2248 cnm
987 2184 1126 2251 servitio
1154 2187 1216 2254 illo

145 2309 214 2354 non
235 2286 379 2374 amplius
399 2284 683 2371 commutandam)
707 2282 893 2350 vindicans.
938 2283 988 2368 0)
1008 2284 1214 2375 Interpreta-

146 2388 273 2454 tionem
300 2387 505 2456 uenationis
526 2385 570 2456 V.
592 2385 638 2454 T.
666 2388 708 2454 de
729 2385 821 2452 Sura
847 2393 883 2454 et
901 2385 1042 2472 Rogare
1063 2387 1097 2454 iu
1119 2391 1213 2458 auxi·

145 2488 229 2557 linnr
251 2495 369 2576 vocat,
398 2487 487 2573 legis
514 2489 647 2578 quidem
668 2487 843 2556 Mosaicae
869 2488 1017 2556 cultores
1044 2511 1119 2556 conr
1141 2491 1212 2560 iln-

146 2613 234 2678 gara
265 2613 367 2660 serra
399 2590 538 2680 eiusque
575 2589 745 2678 posteris,
780 2589 915 2658 Christo
948 2591 1102 2660 addictos
1136 2615 1212 2662 enm

147 2694 239 2761 Sera
258 2713 365 2760 uxore
387 2693 534 2777 ingenua
546 2693 685 2783 eiusque
700 2692 847 2778 posteris
864 2713 1073 2782 comparans,
1094 2691 1133 2762 G.
1150 2694 1213 2782 lv,

149 2793 323 2862 21-31.
365 2793 538 2884 Denique,
562 2794 616 2860 bis
636 2794 872 2881 pertractatis,
897 2796 1044 2884 repetita
1064 2797 1213 2863 admoni-

146 2895 264 2982 tione,
298 2916 365 2984 qnc
402 2895 549 2964 Galatae
590 2893 782 2964 libertatem
821 2917 919 2986 quam
962 2897 1216 2985 impetraverint

146 2995 291 3065 filiorum
312 2995 380 3065 Dei
399 2996 534 3066 fortiter
554 3003 672 3064 tenere
700 2995 830 3088 sibique
853 3021 875 3066 a
895 2999 1088 3066 doctoribus
1116 2998 1214 3068 vanis

146 3098 439 3166 circumcisionem
460 3099 662 3168 Christianis
682 3099 932 3186 iniungentibns
954 3120 1078 3169 cavere
1099 3100 1216 3170 iuben·

146 3205 206 3266 tur
225 3197 337 3282 (ΟΝ,
354 3197 526 3287 1-12.),
553 3200 671 3270 sedulo
697 3202 896 3269 adhortatur
922 3200 1083 3288 Galatas,
1111 3209 1150 3270 nt
1174 3201 1214 3268 li·

146 3300 317 3368 bertatem
337 3323 455 3371 veram
468 3301 694 3370 Christianam
711 3303 753 3372 ab
770 3302 828 3370 illo
849 3303 940 3372 vitae
960 3324 1085 3389 genere
1108 3304 1223 3372 «lisso.

146 3399 233 3488 luto,
255 3404 343 3492 quod
363 3401 473 3489 legem
497 3426 632 3473 omnem
648 3427 692 3474 ac
712 3405 922 3494 disciplinam
941 3412 1089 3492 spernat,
1109 3406 1215 3492 probe

148 3503 358 3592 distinguant
384 3504 534 3591 (fuerunt
560 3507 682 3596 quippe
715 3507 803 3575 inter
834 3501 1215 3576 Etbnico-'Obristianos

146 3604 318 3674 variorum
340 3613 512 3694 coetuum,
534 3608 592 3699 qni
611 3631 788 3704 perperam
808 3615 987 3698 utrumque
1008 3630 1084 3675 cnm
1106 3609 1215 3680 altero

146 3714 398 3796 permutarent,
429 3711 593 3778 offensam
620 3710 710 3778 hand
739 3711 896 3798 exiguam
923 3710 1126 3798 praebentes
1152 3713 1215 3781 Ju-

149 3809 501 3898 daeo-Ghristianis),
526 3819 565 3880 ut
586 3833 734 3880 amorem
755 3819 906 3880 mutuum
933 3820 1121 3900 sectentur,
1150 3835 1216 3904 quc
1257 3830 1267 3904 ᾖ

146 3931 265 3978 amore
286 3911 398 3978 omnia
418 3913 653 3982 contineantur
673 3914 809 3983 virtutis
829 3935 932 3982 verae
952 3923 1156 4003 praecepta,
1178 3923 1217 3984 ut

149 4010 308 4080 adfectus
336 4013 444 4080 malos
471 4013 646 4101 frangant,
675 4016 815 4085 dissidia
841 4023 877 4084 et
902 4017 1135 4085 contentiones
1163 4016 1215 4086 fn·

148 4113 262 4199 piant,
292 4111 504 4184 clementiam
526 4124 561 4184 et
580 4116 819 4186 liberalitatem
845 4125 1109 4205 exerceant„ct
1136 4109 1215 4209 quo-

147 4215 204 4284 ris
225 4222 326 4304 pacto
353 4216 506 4289 bomincs
532 4237 610 4288 sese
631 4227 755 4308 gerant
786 4219 880 4288 nulla
906 4218 1160 4290 circumcisione
1182 4229 1218 4289 et

964 4317 1016 4388 19
