2744 4824
258 405 427 496 Episeli
451 411 496 477 od
517 406 692 476 Thessali.
720 408 759 478 0.
774 407 819 477 11.
847 407 892 482 V.
916 408 976 484 13.
1004 409 1064 500 14.
1131 407 1211 480 25⁷

130 583 263 658 exemplo
283 583 390 642 docent
416 579 510 646 λ’σεσα
536 599 589 658 pro
615 579 725 646 intuor
750 583 877 662 Apocal.
898 588 1001 670 1,17.
1029 581 1146 650 ἴτωσαν
1172 586 1211 645 ib.

131 685 162 764 o,
174 685 228 744 13.
250 677 399 766 οὖροίμηκ
419 689 573 768 dicernit,
587 688 637 746 12.
679 688 740 746 Sne
766 685 890 767 κυρίῳ
918 687 948 747 ir.
968 687 988 746 l.
1017 704 1083 746 cum
1107 688 1210 762 Kop-

129 779 190 862 pio
214 788 359 846 Christum
385 787 586 864 intelligimus,
613 805 700 862 quum
729 785 826 855 θεὸς
851 789 975 858 hocve.
996 807 1015 848 a
1036 785 1131 868 κυρίῳ
1160 789 1209 846 di·
1258 855 1260 864 Ι

130 891 294 966 intinguetur
315 889 391 966 (etr.
419 886 624 968 ν.11.16.).
671 893 752 952 Deus
777 891 842 950 illos
870 891 974 948 dicitur
1000 891 1127 967 elegisse
1154 887 1210 954 sis
1246 935 1249 946 .

133 988 356 1070 σωτηρίαν,
382 989 584 1063 perducendos
609 1007 662 1064 per
682 995 765 1054 Dom.
788 993 933 1051 Christum
952 993 991 1050 ed
1011 993 1132 1048 salutern
1152 1003 1207 1048 re-

133 1093 187 1170 gni
208 1091 648 1172 ᾶλυίοἱ(1.1’λσττ.ὅ,8.9.].
691 1095 788 1153 Nolim
810 1109 876 1152 curn
895 1093 1030 1152 Flattio
1051 1090 1209 1170 σωτηρίαν
1283 1105 1286 1118 ·

132 1195 170 1252 eh
191 1191 237 1251 ea'
256 1211 329 1270 qnae
355 1211 385 1252 v.
407 1191 458 1255 11.
482 1195 538 1252 dio.
560 1192 759 1273 αεριποίησις
780 1189 875 1270 δόξης
894 1195 935 1254 ita
962 1195 1158 1272 distinguere,
1177 1195 1210 1251 ut

130 1293 214 1370 prius
239 1297 277 1353 ed
302 1297 378 1355 bona
398 1295 484 1352 animi
510 1297 770 1376 praestantissima,
796 1315 872 1373 quae
897 1296 1069 1356 Christianis
1094 1295 1125 1353 in
1151 1293 1210 1352 heo

132 1399 195 1454 vita
225 1397 283 1455 lam
315 1399 504 1473 contingunt,
533 1398 675 1470 posterius
708 1401 746 1457 ad
776 1403 863 1458 vitem
899 1401 1026 1457 murram
1055 1399 1209 1456 referetur.

131 1499 300 1573 Quanquam
315 1499 470 1559 Christiani
489 1499 642 1557 verissime
653 1501 728 1559 dice.
746 1501 804 1560 lem
822 1501 879 1561 hoe
899 1505 1026 1574 ternpore
1048 1487 1208 1580 osooojnt·

118 1599 187 1662 ’τοι
210 1601 356 1678 (mineo.
370 1604 404 1679 2,
416 1605 447 1660 e.
462 1599 542 1680 ut),
574 1602 686 1659 liberati
707 1604 812 1677 quippe
832 1605 868 1662 ab
888 1600 1008 1674 imperio
1030 1614 1159 1660 errorum
1181 1603 1210 1658 et

130 1703 299 1761 vitiositatis
325 1707 354 1760 et
381 1706 458 1760 ructu
485 1703 584 1760 mortis
611 1705 726 1781 servili,
750 1706 780 1764 lr.
806 1705 836 1763 l:
854 1707 948 1761 tomen
977 1700 1132 1783 σωτηρία,
1158 1701 1207 1775 τῷ

132 1801 349 1885 κρίνεσθαι
373 1803 420 1881 [v.
442 1803 512 1884 12.)
534 1807 688 1884 opposita,
715 1805 794 1866 houd
822 1807 908 1865 dubie
933 1795 1060 1862 futuram
1086 1803 1209 1875 potissi·

132 1919 211 1963 mum
232 1906 323 1963 innuit
343 1906 524 1984 felicitatem,
545 1925 600 1966 nee
621 1907 704 1966 aliter
725 1911 752 1967 I.
765 1910 866 1968 Thess.
878 1909 912 1987 ὅ,
927 1911 959 1967 9.
979 1903 1020 1972 etr
1041 1901 1172 1984 περιττοί
1190 1935 1209 1952 -

133 2023 188 2066 σικ
210 2003 367 2086 σωτηρίας
387 2007 509 2084 intelligi
530 2015 624 2083 potest
644 2015 761 2084 propter
774 2011 863 2069 verbs
883 2027 913 2068 v.
925 2007 954 2066 8.
976 2003 1121 2068 ἐλπίδα
1144 2027 1209 2065 σω-

132 2105 253 2186 τηρίας.
302 2107 384 2180 Quod
416 2111 532 2169 additur
560 2105 621 2171 ἀπ’
651 2105 786 2191 ἀρχῆς
812 2111 943 2185 plerique
969 2111 1066 2185 recte,
1098 2107 1211 2183 opinor,

131 2211 263 2268 uertunt:
285 2213 324 2270 od
344 2203 485 2292 aeterno,
514 2227 570 2287 quo
596 2227 685 2271 sensu
705 2213 779 2270 hoec
800 2212 923 2271 formula
955 2212 1061 2285 ubique
1081 2225 1118 2267 cx
1138 2225 1210 2266 orn-

130 2309 218 2369 tionis
239 2313 318 2370 serie
337 2313 496 2371 delinienda
535 2317 564 2374 Ι.
581 2315 631 2374 Jo.
647 2315 678 2394 1·,
691 2316 720 2373 1.
734 2319 757 2376 2
762 2356 775 2394 ,
791 2317 843 2374 13.
868 2315 993 2392 legitur,
1019 2312 1101 2370 hebr.
1122 2321 1210 2395 lippe,

133 2427 158 2470 s.
180 2409 297 2503 h‘3'r973,
323 2415 374 2473 m.
386 2415 447 2496 74,
459 2419 490 2476 2.
517 2417 582 2476 Jos.
594 2415 655 2496 24,
667 2417 699 2474 2.
714 2417 754 2475 σί.
776 2417 844 2474 alibi
864 2411 924 2497 πρὸ
948 2411 1130 2493 καταβολῆς
1151 2407 1211 2472 κό-

133 2530 219 2594 σμου
259 2515 385 2591 ilpltcss.
406 2516 438 2595 1,
454 2516 492 2574 4.
518 2535 544 2576 s.
569 2509 634 2578 ἆπδ
657 2519 720 2577 τῶν
748 2511 873 2579 ninivem
905 2517 1031 2592 llrplrcss.
1049 2519 1084 2596 2,
1106 2517 1137 2572 9.
1157 2513 1209 2572 11.

133 2613 301 2676 Maiuemrrt
321 2619 369 2675 elil
391 2617 465 2694 (err.
487 2615 633 2679 Krause
654 2623 682 2678 ct
702 2619 900 2680 Michaelis
921 2619 959 2675 ed
981 2617 1011 2675 h.
1027 2617 1066 2694 l.)
1089 2617 1126 2674 de
1145 2617 1210 2674 ini-

133 2719 177 2778 tio
196 2717 377 2790 interpretari
403 2723 598 2781 institutiones
628 2725 819 2783 Christianae
838 2722 868 2782 h.
888 2703 916 2780 s*
934 2719 1211 2780 Thessalonicenses

133 2821 214 2878 tuter·
231 2823 347 2896 primos
372 2821 483 2904 tuisse,
510 2837 582 2897 quos
603 2825 682 2882 neus
709 2839 763 2896 per
786 2821 931 2881 Christum
957 2821 1061 2880 felices
1086 2819 1210 2905 reddere

132 2921 237 2997 uellet,
268 2935 325 2996 quo
355 2927 485 2996 tempore
515 2925 546 2982 in
574 2923 631 2983 iilis
658 2923 850 2984 Macedoniae
884 2925 1051 3002 regionibus
1081 2921 1212 2982 doctrina

133 3023 282 3099 euangelii
302 3003 464 3097 proediceri
486 3031 629 3099 coeperet
678 3027 738 3086 Sed
764 3028 795 3085 in
821 3043 865 3101 ep.
886 3027 924 3084 ed
949 3027 1079 3099 Philipp.
1099 3023 1139 3102 4,
1159 3024 1210 3081 13.

134 3125 193 3184 tce
211 3140 304 3184 sensu
324 3127 430 3184 dicitur
449 3129 543 3198 potius
565 3125 598 3188 ἰν
626 3123 714 3219 α’ρχῇ
736 3129 793 3189 τοῦ
815 3123 1060 3208 εὐαγγελίου,
1088 3125 1212 3183 ceteris-

133 3241 191 3300 que
217 3227 306 3302 loeis,
332 3243 405 3301 quoe
425 3227 494 3288 huic
514 3229 738 3302 interpretationi
764 3233 867 3288 revere
894 3229 1046 3286 videantur
1072 3229 1100 3285 1.
1114 3227 1163 3284 Jo.
1177 3229 1211 3304 2,

133 3329 167 3386 7.
186 3329 245 3388 24.
272 3329 349 3389 Luc.
367 3329 399 3408 1,
417 3334 449 3391 2.
478 3331 608 3388 similiter
629 3347 671 3392 ee:
693 3333 843 3390 vocabulis
864 3333 1014 3389 adiunctis
1034 3332 1126 3404 patet,
1153 3321 1209 3387 ἅττ’

132 3421 243 3504 ἀρχῆς
277 3431 314 3488 de
346 3432 426 3489 initio
460 3433 682 3505 praedicationis
710 3433 856 3509 errengelii
882 3433 1035 3491 verissime
1066 3427 1214 3504 explicari.

132 3529 215 3598 Ques
241 3537 339 3589 nostro
366 3532 385 3589 l.
420 3536 574 3592 obveniunt
606 3533 772 3607 simpliciter
804 3533 912 3606 posite:
939 3531 1047 3592 εἳλατο
1075 3523 1166 3613 ὑμᾶς
1194 3519 1212 3592 ὃ

132 3623 211 3697 dede
233 3625 289 3691 ἆτ’
313 3627 420 3710 ἀρχῆς
441 3633 483 3701 ric
505 3632 682 3716 σωτηρίαν,
703 3652 759 3694 non
779 3637 900 3710 possunt
927 3636 984 3693 nisi
1003 3635 1042 3694 od
1063 3636 1211 3693 decretum

132 3733 252 3809 reterri,
280 3737 357 3809 quod
383 3738 478 3811 Deus,
513 3753 568 3794 non
602 3753 637 3795 eo
668 3739 782 3797 demum
811 3743 972 3813 tempores
994 3749 1051 3812 quo
1080 3736 1211 3794 doctrina

134 3833 241 3893 Christ.
268 3837 297 3894 in
324 3839 382 3896 iilis
402 3839 571 3915 regionibus
597 3841 719 3912 primunr
745 3842 882 3918 innotuit,
912 3841 965 3899 sed
992 3839 1214 3916 (praceuntibus

131 3933 216 3994 Pauli
236 3939 328 3996 edetis
350 3957 386 3998 err
406 3955 450 4014 cp.
469 3941 505 3996 ad
518 3942 616 4014 Epiri.
637 3943 760 4001 lnudatis
781 3943 921 4020 aliisque)
944 3943 980 3999 oh
1002 3942 1126 4000 aeternis
1146 3940 1214 4000 inde

132 4044 264 4114 ceperat,
289 4041 430 4114 siquidem
459 4043 627 4101 omniscium
650 4045 726 4102 nullo
746 4049 874 4118 ternpore
900 4042 1022 4118 latebat,
1043 4041 1097 4100 hos
1119 4059 1213 4100 even-

132 4141 211 4216 gelio
236 4141 321 4200 fidem
350 4160 416 4201 esse
451 4145 611 4221 habituros,
638 4151 666 4202 et
695 4147 849 4206 conditioni
876 4147 977 4204 solutis
1009 4137 1217 4202 satisfacturos.

130 4243 310 4315 Scriptorum
338 4249 514 4320 quorundam
545 4249 629 4308 codd.
654 4249 848 4325 insigniorum
881 4239 1079 4324 ἀπαρχὴν
1105 4247 1219 4322 (versio

953 4342 1002 4410 17
