2684 4830
242 373 399 468 Epistola
419 377 463 444 ad
485 373 639 446 Galatas·
673 372 711 443 G.
723 373 769 444 11.
797 371 840 444 V.
858 372 1029 444 11-14,
1095 371 1174 442 385

108 553 188 612 nno
209 541 414 630 adversantur,
439 553 549 613 Muttit-
560 552 595 631 6,
607 552 662 612 66.
686 551 802 612 omna
816 551 851 630 6,
867 549 918 609 16.
931 550 986 630 16,
1001 551 1031 608 2.
1047 551 1088 624 ul.
1109 551 1175 608 ror·
1237 571 1239 579 ·

112 654 190 714 mula
210 643 457 718 arvernensi
482 645 709 734 πρόσωπον
736 665 856 731 enom,
881 652 922 708 ita
941 655 972 710 ut
990 649 1097 709 facicm
1116 651 1183 708 ali-'

111 755 193 812 onius
214 753 351 812 intuearis
372 753 492 831 (LXX.
512 735 540 815 Ι.
555 755 644 830 Reyy.
660 753 692 831 1,
705 754 759 812 66.
781 753 857 814 Luc.
869 756 903 832 2,
913 753 968 811 61.
988 750 1066 813 Acti.
1077 753 1175 830 6,·16.

109 859 167 936 66,
182 856 236 915 16.
260 857 307 916 Η.
322 855 405 915 Corr.
420 856 473 934 16,
488 857 520 914 t.
551 851 777 925 cir.·ltaphel.
798 855 911 912 adnott.
932 869 975 912 66
995 854 1118 930 Polybio
1138 851 1176 910 ad

109 956 139 1016 h.
159 956 181 1015 l.
202 973 359 1032 nunquam
378 956 397 1014 i.
414 970 441 1029 q.
462 953 651 1032 6111161616,111
671 953 807 1030 speeiem,
827 955 904 1028 quod
923 951 1051 1012 nonnulli
1071 953 1177 1011 docto-

110 1073 175 1117 rum
196 1060 264 1116 vett
286 1057 391 1130 opinati
411 1057 496 1134 sunt)
522 1059 590 1128 apte
612 1055 793 1132 coniungitur
819 1053 857 1112 ad
881 1055 1030 1130 fiduciam,
1054 1053 1177 1112 liberta-

107 1163 167 1218 tem
197 1158 369 1232 impavidam
400 1155 634 1234 exprimendam,
672 1171 741 1232 qua
761 1156 869 1214 Paulus
903 1155 1000 1229 palam
1034 1157 1178 1230 praesenti

105 1275 245 1334 praesens
267 1259 477 1318 contradixerit
520 1251 1178 1350 6111111616.6616166166166,

107 1361 271 1422 Deuteron.
291 1361 346 1439 61,
362 1359 415 1420 61.
441 1359 490 1419 ubi
510 1362 548 1418 de
573 1358 806 1418 contradictione
840 1373 918 1434 pune
941 1357 1077 1432 patens
1065 1371 1099 1415 nr
1121 1355 1180 1432 fn-

108 1465 183 1521 cieno
200 1457 256 1536 plut
280 1476 375 1520 sermo
401 1462 459 1537 est,
484 1460 560 1534 apud
581 1457 678 1519 LXX.
703 1461 853 1516 vertuntur
878 1449 962 1517 narei
992 1451 1178 1538 πρόσωπον,

108 1579 271 1637 quanquam
291 1561 369 1618 hand
397 1573 539 1637 negamus
569 1559 697 1620 heba:
686 1555 738 1633 *eh
764 1555 909 1617 interdum
930 1561 1015 1617 edam
1035 1560 1180 1631 simplici-

107 1668 155 1723 ter
175 1661 232 1722 dici
251 1661 281 1721 11.
292 1681 316 1720 6.
338 1670 456 1741 eontra,
477 1663 627 1740 adversus,
647 1663 676 1717 et
686 1620 753 1718 ..hdo
772 1677 861 1719 sensu
880 1661 978 1722 LXX.
991 1661 1179 1722 11616666.

111 1765 253 1845 16,6.8.
281 1755 726 1836 ν6111666ἀντιστῆναικατοὶ
751 1758 937 1837 πρόσωπον.
979 1762 1059 1830 Quae
1079 1761 1181 1822 brevi-

108 1871 156 1926 ter
176 1865 318 1924 adduntur
338 1865 376 1922 de
396 1863 469 1941 iure,
488 1880 543 1938 quo
560 1863 668 1923 Paulus
687 1860 745 1920 hoc
764 1862 880 1922 fecerit:
908 1855 968 1924 ὅτι
989 1882 1180 1953 saram-7

112 1951 294 2049 σμένος
279 1986 320 2041 ην
341 1959 695 2044 (καταγινώσκειν
724 1965 930 2040 condemnare,
955 1979 1043 2023 sensu
1062 1965 1180 2024 mitiori.

109 2063 340 2142 reprehendere,
361 2069 475 2144 notare,
496 2068 582 2127 1.]6.
594 2069 628 2145 6,
639 2064 755 2125 2661.
796 2065 932 2140 Xenopd.
954 2069 1131 2153 6666666666.
1148 2065 1180 2146 Ι,

109 2171 146 2248 it,
160 2167 212 2226 16.
240 2168 407 2230 Herodian.
421 2169 471 2246 11,
488 2169 541 2245 12,
554 2168 589 2224 4.
614 2169 654 2245 V,
666 2169 699 2246 ὅ,
712 2165 767 2244 2.)
793 2167 899 2239 duplici
923 2145 1033 2226 ratione
1044 2211 1048 2222 .
1059 2109 1181 2244 intelligi

110 2269 215 2328 solent.
264 2267 350 2326 Haud
377 2268 463 2346 pauci
495 2268 598 2342 quippe
627 2267 720 2343 (vers.
747 2268 853 2344 vulg.
881 2267 1052 2327 Calvinus
1084 2267 1182 2326 liena

109 2367 326 2428 walthario
347 2371 495 2426 comment.
524 2369 601 2426 laud.
629 2367 754 2443 Koppe
779 2369 875 2428 Flatt
905 2370 1062 2448 Borgcr)
1087 2359 1193 2442 parti-'

110 2469 217 2544 cipium
237 2473 311 2542 perr.
332 2485 409 2542 pass.
430 2465 684 2550 κατεγνωσμένος
711 2482 764 2545 per
788 2469 988 2542 metonymiam
1013 2483 1065 2543 pro
1087 2471 1181 2542 parti·-

112 2572 188 2646 cipio
210 2569 299 2628 futuri
318 2587 395 2642 pass.
416 2569 479 2627 sire
499 2583 552 2642 pro
578 2573 730 2649 adieetivo,
749 2570 891 2631 hominem
912 2589 936 2628 s.
958 2585 1034 2648 rem,
1058 2569 1108 2629 oui
1127 2586 1180 2644 pro

83 2736 85 2746 A
111 2673 210 2732 indole
231 2689 285 2730 rua
304 2671 410 2745 aliquid
431 2673 590 2748 conveniat,
611 2673 791 2749 significante
810 2671 933 2746 positum
954 2674 1115 2731 existiment
1128 2690 1181 2731 se-

113 2775 239 2832 condum
265 2783 373 2850 morem
405 2770 500 2830 hebrr
528 2775 612 2862 nair,
638 2786 744 2868 arsag,
769 2767 873 2867 11161,
896 2775 1085 2848 similiumque
1113 2773 1179 2851 (vd.

109 2876 224 2937 Storr.
247 2877 375 2933 6166666.
397 2875 440 2931 od
459 2875 539 2931 nnat.
561 2877 591 2932 et
609 2839 757 2953 parumn
778 2855 897 2950 tinynoe
918 2877 998 2935 hebr.
1024 2893 1056 2950 p
1071 2873 1180 2952 1663
1192 2861 1195 2875 ’

109 2979 260 3052 maidens
279 2975 543 3050 reprehendendus
561 2981 634 3034 erat.
677 2976 737 3034 Sed
754 2991 847 3048 neque
861 2973 933 3034 locis
952 2974 1182 3052 1166661616.
1203 3047 1206 3054 Δ

115 3071 386 3160 (ἐβδελυγμένοις)
409 3091 455 3151 ep·
476 3078 577 3136 Judac
596 3078 690 3136 612.
715 3073 957 3154 (ἐκριζωθέντα)
979 3075 1082 3132 aliisve
1102 3079 1182 3134 certo

114 3179 257 3253 eflicitur,
277 3175 442 3235 hebraicam
461 3175 541 3234 illam
562 3178 676 3236 dicendi
697 3179 834 3236 rationem
859 3183 939 3234 recte
964 3177 1117 3234 transferri
1144 3177 1182 3234 ad

113 3279 304 3338 elocutionem
325 3289 464 3354 graecam
489 3277 626 3352 librorum
647 3279 685 3336 N.
706 3279 740 3336 F.
765 3293 860 3352 neque
883 3274 953 3336 hl.
978 3276 1039 3335 ulla
1064 3281 1184 3350 apparet

113 3379 304 3451 metonymian
324 3377 516 3436 admittendae
535 3380 702 3437 necessitas.
756 3377 816 3438 Cir.
843 3379 968 3436 Winer
996 3379 1183 3438 orennurte

61 3502 70 3518 ·
117 3487 173 3542 ete.
194 3482 316 3540 66111.
341 3484 464 3556 natm
512 3477 605 3536 Recte
627 3477 808 3551 chrysost.
834 3477 1027 3570 Theophyl
1048 3477 1182 3538 Luther

117 3581 263 3642 Cramer
299 3580 421 3639 Morus
453 3579 597 3638 Winer
633 3579 682 3636 6111
712 3579 856 3652 propriam
885 3582 983 3638 tenent
1014 3584 1183 3653 potestatem

112 3682 193 3743 illius
213 3685 323 3740 formae
343 3681 563 3759 grammaticae:
590 3681 736 3756 66616661
756 3681 1015 3755 reprehensionem
1041 3685 1183 3741 1666166-

113 3788 183 3860 rot,
208 3780 250 3839 ita
274 3797 308 3840 se
332 3787 485 3859 gesserat,
512 3785 544 3840 ut
567 3782 616 3839 alii
646 3780 988 3860 (hidrico-Christiani,
1016 3785 1183 3856 quitmscum
1229 3817 1234 3826 -

113 3883 205 3942 nollet
234 3883 338 3940 Petrus
368 3882 489 3954 amplius
515 3883 677 3958 convivari,
707 3881 738 3941 id
770 3884 844 3957 quod
868 3884 953 3954 paulo
979 3886 1046 3939 ante
1076 3859 1194 3958 absque

115 3985 178 4044 ulla
197 3983 384 4042 haesitatione
405 3984 537 4061 fecisset)
567 3981 717 4057 haberent,
743 3985 819 4058 quod
844 3984 882 4041 de
907 3998 942 4042 eo
969 3992 1184 4054 conquereren-

113 4090 173 4144 tur.
215 4087 280 4141 Hac
299 4082 524 4156 reprehensione
548 4083 664 4139 Petrum
689 4081 781 4139 tuisse
807 4083 927 4159 dignum
952 4082 1023 4140 satis
1047 4084 1184 4140 luculen-

116 4191 164 4248 tcr
184 4185 307 4246 ostendit
325 4187 451 4246 namatio
470 4199 595 4260 66666116
600 4224 611 4262 ,
630 4199 724 4260 neque
744 4188 814 4260 erat,
835 4185 911 4259 quod
930 4185 1090 4254 Apostolus
1108 4182 1184 4241 hano

927 4275 981 4346 25
