2740 4828
488 419 806 508 Prolcgomeuu.
1153 421 1177 490 a

103 589 361 661 convertendis.
405 591 470 667 Qui
491 612 590 680 quam
612 597 752 680 puratos
765 595 979 681 promtosqua
1000 615 1040 662 se
1059 615 1177 680 gesse·

102 693 173 760 rint
197 696 243 760 ad
264 693 441 761 veritatem
465 693 612 761 divinam
633 687 901 780 agnoscendam,
929 699 965 760 et
992 693 1066 782 ipse
1089 695 1178 772 Pau-

102 795 157 863 lus
180 797 221 862 J.
239 796 289 860 ud
308 793 476 862 Thessali.
502 793 537 880 1,
559 792 596 862 9.
618 793 843 862 laetabundus
866 795 1030 883 exposuit,
1052 803 1088 865 et
1107 794 1177 864 Lu·

103 919 167 964 cas
191 882 345 964 breviter
364 903 512 963 testatus
534 903 588 963 est
607 897 698 964 Aen.
725 895 788 982 17,
809 894 848 964 4.
875 895 1020 983 proheta
1044 899 1178 986 quidem

103 999 258 1066 lectione
278 997 313 1064 iu
335 999 472 1084 paucis,
500 1001 561 1066 sed
582 997 824 1087 antiquissimis
845 999 945 1064 codd.
968 1005 1004 1065 et
1023 999 1178 1067 versione
1274 1069 1277 1088 ⁵

103 1099 200 1186 vulg.
235 1119 416 1187 expressae
444 1101 512 1167 sois
538 1125 574 1168 τε
604 1102 791 1188 σεβομένων
824 1103 895 1166 καὶ
927 1096 1070 1179 iiiviros
1098 1103 1182 1170 nolui

105 1205 254 1284 πλῆθος.
298 1199 478 1288 Scriptura
497 1201 619 1290 quippe
638 1202 796 1288 vulgata,
817 1201 972 1270 voculam
994 1207 1062 1270 καὶ
1084 1205 1181 1270 omit-

104 1312 202 1390 tens,
225 1323 382 1388 maguam
405 1310 534 1370 tontum
552 1305 805 1394 proselytorum
825 1323 873 1369 cs·
889 1303 1078 1396 germls'bm
1097 1305 1181 1372 mni·

104 1405 287 1472 titudinem
310 1407 354 1471 ad
377 1425 478 1474 socru
504 1403 700 1472 Christiana
719 1404 896 1470 transiisse
917 1406 1083 1492 perhibet.
1117 1407 1181 1475 At·

104 1515 241 1594 tanuen,
270 1527 370 1595 quum
392 1507 527 1594 phrasis
548 1505 607 1574 illu
636 1501 808 1593 σεβόμενοι
835 1509 963 1588 diluere
991 1508 1071 1575 aiihi
1097 1527 1180 1577 uuu-

108 1629 209 1696 qnam
249 1606 430 1694 obveniat,
464 1609 565 1674 immo
601 1607 764 1696 proselyti
797 1611 915 1676 eodem
955 1607 1038 1699 Gap.
1066 1609 1180 1679 xvlt.

106 1733 137 1776 ι.
163 1708 231 1776 17.
255 1707 452 1796 simpliciter
473 1708 684 1798 appellentur
705 1711 893 1798 σιβίμενοι,
914 1713 1089 1796 praeferre
1110 1733 1180 1778 ma·

106 1809 162 1876 lim
192 1831 272 1878 curn
308 1809 600 1901 Bur-gerboredum
623 1811 671 1898 (iu
705 1821 882 1880 comment.
916 1821 997 1881 uoto
1026 1814 1059 1880 1.
1087 1812 1180 1881 laud.

109 1933 139 1999 p.
162 1909 233 1979 93.
256 1913 323 2000 sq.)
342 1911 520 1981 lectionem
542 1918 598 1981 sol
617 1909 769 1996 ἰλλὴνων,
790 1923 828 1982 ut
848 1915 1026 2003 proselyti,
1048 1913 1181 2004 σεβόμε-

72 2067 76 2086 .
110 2037 178 2101 sor,
197 2013 332 2102 pariter
348 2022 450 2103 atque
465 2016 588 2102 pagani
605 2016 674 2104 (qui
686 2017 858 2106 hueusque
872 2017 1037 2104 religione
1055 2018 1181 2107 pagani

110 2115 267 2200 inissent,
280 2117 421 2202 ἔλληιις)
427 2117 584 2204 permulti
593 2116 700 2186 Paulo
713 2125 748 2184 et
760 2117 854 2186 Silae
869 2141 970 2186 sures
982 2121 1180 2207 praebuisse

112 2217 279 2286 dicautur.
312 2217 385 2286 Nec
397 2217 571 2308 probabile
586 2227 652 2306 est,
665 2219 806 2296 Lucam,
818 2219 925 2286 nhide
943 2221 1123 2307 proselytis
1136 2223 1180 2287 ad

112 2320 358 2406 professionem
375 2321 542 2406 evangelii
557 2319 808 2388 transeuntibus
823 2329 1018 2410 exponeret,
1038 2325 1081 2388 dc
1097 2321 1180 2408 ipsis

113 2421 295 2506 gentilibus
316 2419 397 2490 nihil
419 2423 601 2490 addidisse.
647 2415 815 2498 Quamdiu
842 2421 971 2490 Paulus
994 2420 1181 2488 Thessalo·

113 2524 206 2592 nicee
229 2532 389 2594 versutus
409 2523 530 2611 fuerit,
551 2543 617 2592 non
639 2525 833 2592 accuratius
861 2523 987 2592 definiit
1013 2545 1181 2590 commen·

114 2628 219 2694 terius
240 2626 371 2694 Laese.
420 2625 489 2694 Per
509 2633 581 2693 tres
602 2627 735 2714 quidem
759 2627 833 2692 dies
854 2646 990 2710 sacros,
1018 2627 1073 2690 ἐπὶ
1097 2620 1179 2712 σάβ-

113 2731 196 2814 βατα
239 2727 334 2818 τρία,
355 2729 389 2794 in
412 2749 587 2814 synagoga
609 2749 686 2796 mon
706 2729 858 2798 Μυσὴ
879 2725 1082 2795 disseruisse
1103 2748 1180 2795 nur·

114 2839 224 2917 ratur,
251 2831 343 2898 Aott.
376 2829 443 2907 17,
471 2829 507 2898 9.
558 2829 679 2899 Plures
706 2839 801 2899 certe
829 2851 926 2918 quum
954 2829 1039 2895 duas
1065 2835 1180 2896 tressa

115 2931 341 3001 hebdomades
361 2930 561 3020 Apostolum
590 2931 624 2998 iu
647 2934 713 3000 hac
734 2931 817 3000 urhe
844 2932 1055 3017 transegisse
1083 2938 1179 3017 puta·

115 3033 227 3102 serim.
270 3032 423 3121 Etenim,
444 3035 533 3123 quod
554 3033 700 3122 Paulus,
729 3034 762 3101 in
785 3034 947 3102 eiusmodi
975 3033 1078 3098 urbes
1105 3053 1180 3119 pro·

115 3135 242 3222 iectus,
269 3134 304 3200 iu
331 3133 451 3224 quihus
478 3141 514 3202 et
534 3133 658 3203 ludaei
687 3143 723 3204 et
744 3137 898 3205 Gentiles
926 3133 1101 3210 visebant,
1129 3133 1180 3200 fs·

116 3257 190 3302 cere
212 3235 363 3323 solebat,
386 3241 425 3303 ut
445 3237 586 3324 primum
609 3237 742 3326 quidem
763 3238 917 3306 Judaeos
939 3235 1067 3322 adiret,
1088 3245 1180 3324 post·
1271 3323 1274 3328 ,

115 3335 197 3424 huc,
223 3337 422 3426 praesertin
450 3338 688 3407 infestantibus
718 3341 826 3428 ipsum
847 3338 1003 3423 lusineis,
1032 3339 1075 3403 ad
1097 3337 1179 3404 Eth-

115 3438 208 3506 uicos
242 3462 317 3508 seso
359 3445 593 3529 conuerteret,
628 3441 716 3508 idem
750 3437 1020 3508 Thessalonicae
1054 3438 1180 3526 fecisse

118 3539 353 3608 existimandus
382 3548 454 3627 est,
482 3541 543 3610 cir.
572 3541 661 3608 Aett.
687 3538 748 3623 17,
775 3539 891 3608 1-·5.
940 3529 1108 3629 itemquo,
1137 3563 1180 3608 ex

117 3663 204 3714 more
226 3665 288 3710 suo
309 3642 386 3709 aliis
412 3641 517 3729 locis,
537 3642 594 3710 ubi
616 3643 742 3710 diutius
770 3641 969 3711 commorari
998 3643 1180 3710 coustitue-

116 3751 182 3830 rst,
203 3745 384 3813 observato
411 3746 458 3830 (v.
480 3765 511 3811 o.
534 3742 686 3810 Corinthi
715 3749 750 3810 et
770 3743 913 3832 Ephesi,
939 3743 1032 3810 Aret.
1057 3739 1119 3825 18,
1142 3739 1179 3808 3.

121 3843 175 3912 11.
201 3843 265 3932 19,
290 3847 378 3932 to),
399 3847 525 3913 victum
547 3845 611 3911 sibi
634 3846 770 3934 suisque
790 3845 880 3912 inter
893 3841 1178 3912 Thessalonicen-

118 3963 169 4011 ses
190 3968 252 4014 suo
276 3947 443 4037 qnaesivit
464 3967 618 4016 rnanuum
641 3945 775 4034 labore,
798 3947 988 4014 exercenda
1010 3951 1083 4011 arte
1106 3953 1178 4011 teu·
1251 4023 1256 4038 ι
1284 3981 1286 3986 ,

118 4048 200 4116 toris
227 4047 432 4126 fabricandi,
461 4049 496 4114 I.
524 4047 690 4116 Thessali.
721 4047 759 4134 9,
781 4043 818 4115 9.
861 4049 920 4114 II:
948 4045 1125 4134 Thersald
1141 4043 1178 4132 3,

120 4145 151 4214 7.
171 4149 209 4216 Θ.
252 4150 419 4235 Accedit,
441 4152 529 4238 quod
550 4150 583 4216 in
605 4173 657 4240 ep.
679 4152 731 4223 ad
748 4149 902 4238 Philipp.
925 4147 964 4234 4,
990 4145 1051 4216 16.
1075 4155 1179 4214 testa·

118 4253 167 4316 lus
187 4259 265 4339 ost,
281 4251 517 4340 Philippenses
544 4253 652 4341 ipsum
675 4251 946 4320 Thessalonicae
972 4270 1177 4316 commoran-

926 4352 945 4418 ¹
962 4355 977 4390 1
