2744 4824
302 437 457 528 Epistola
480 439 524 506 ad
546 437 700 507 Galatas.
730 437 769 512 Ο.
792 437 820 506 i.
843 436 887 510 V·
907 435 1021 506 1-5.
1121 437 1200 508 323

130 613 178 675 ius
197 629 250 690 per
276 609 419 675 cirristuru
446 618 608 674 voearetur.
654 613 758 689 Neque
778 613 890 674 omnino
916 627 982 674 oum
1001 613 1125 676 Wiuero
1145 615 1204 676 arl-

130 712 321 793 ssrmaverim‚
347 715 501 791 scriptores
521 729 645 792 grueoos
668 716 790 792 (sauros
808 715 1004 794 potissimum)
1028 718 1201 778 constantis-

132 818 208 878 simo
227 815 304 876 hano
324 817 458 894 reguiam
479 817 619 894 tenuisse,
640 821 671 874 ut
691 809 755 876 6ιᾶ
775 832 931 892 nonquam
947 817 984 874 rio
1005 833 1095 875 eausa
1116 819 1201 876 dice-

129 917 377 994 returpriuoipali.
410 913 590 977 Contrarium
606 917 709 976 dooeut
719 919 926 976 effataitomoa
938 918 993 996 11,
1004 921 1055 977 36.
1077 920 1104 980 Ι.
1117 923 1200 981 Coro.

133 1021 166 1099 1,
178 1013 208 1080 9.
251 1019 313 1078 Otr.
334 1019 379 1077 Jo.
401 1017 615 1079 Sohulthess
635 1021 816 1098 Euqetrrelt,
837 1021 1032 1092 linqelqesetz
1049 1023 1115 1078 und
1127 1023 1199 1079 Ero-

128 1113 275 1196 qeuumr
297 1119 490 1195 puootoquat
521 1121 588 1180 oud
620 1105 800 1181 litterur'iaoir
833 1123 960 1179 orrirtert
986 1127 1040 1179 ete.
1072 1106 1200 1202 muci,

131 1223 228 1282 1833.
248 1239 279 1297 p.
293 1223 346 1280 25.
364 1223 469 1297 1147.
484 1236 528 1298 sq.
576 1223 634 1282 Pro
665 1237 745 1280 mure
769 1199 817 1294 pio
843 1219 1061 1298 Apostolorum,
1086 1222 1202 1300 insigne

128 1321 201 1382 iilud
222 1337 350 1381 summae
369 1324 443 1380 ,iesu
463 1323 533 1381 Chr.
564 1321 709 1400 dignitatis
730 1327 815 1397 atque
840 1322 953 1398 auxilii,
985 1323 1059 1396 quod
1086 1315 1202 1384 Christo
1238 1302 1242 1313 Ι

129 1423 237 1501 adfuit,
263 1423 352 1483 divini
373 1423 585 1500 dooumentum,
611 1425 732 1482 reditum
753 1425 816 1481 eius
838 1439 875 1480 ex
895 1425 1012 1482 mortuis
1039 1425 1202 1486 eelebraudi

129 1525 232 1605 [Aeto.
255 1526 288 1604 1,
304 1527 354 1585 12.
377 1525 415 1605 4,
432 1528 485 1584 3³.
507 1527 622 1585 Itouna.
638 1527 669 1607 1,
685 1525 721 1582 4.
742 1525 781 1603 4,
796 1523 946 1603 etot),
968 1526 1054 1610 etiam
1072 1527 1103 1584 ia
1123 1529 1142 1585 i.
1163 1529 1202 1588 rio

127 1619 495 1699 Deopraedioaturror'i
517 1617 1008 1706 ἐγείραντοςαῦτᾶνέκ
1030 1629 1201 1706 νεκρῶν

128 1727 181 1808 (Ἰ.
198 1727 341 1811 Tioeasuil.
357 1726 389 1805 1,
404 1723 494 1804 ro),
507 1727 572 1786 sive
588 1725 756 1784 Paulushis
770 1725 837 1783 vbb.
854 1725 960 1783 dooere
974 1727 1101 1786 voluisse
1117 1727 1201 1804 (euru

130 1828 266 1887 Flattio
288 1831 316 1885 ot
337 1827 536 1906 ltilokertu)
560 1827 750 1905 existimetur,
772 1828 1200 1902 quetoreooeutionom'auam

127 1931 173 1989 ud
195 1931 295 2006 tpmm
319 1929 420 1988 Deam
445 1927 560 2002 referat
585 1935 737 1989 auctorem
771 1929 933 2004 (siquidem
959 1931 1038 1987 Deus
1068 1933 1205 1990 resusci-

127 2030 214 2090 tando
235 2031 308 2090 Jesu
329 2035 358 2088 et
377 2032 437 2088 vita
458 2030 575 2089 coelesti
596 2031 728 2089 donando
758 2030 897 2104 effecerit,
927 2034 959 2087 ut
978 2031 1069 2089 Paulo
1089 2031 1200 2090 Dama·

127 2147 211 2192 soum
232 2131 422 2205 proficiscenti
441 2148 583 2205 apparere
602 2133 699 2205 posset
723 2131 842 2204 eiusque
862 2131 988 2189 animum
1008 2135 1096 2190 totum
1115 2149 1200 2192 eom·

129 2234 378 2311 mutare),s1ve‚
405 2233 482 2306 quod
503 2232 690 2308 Calvinus,
723 2229 862 2308 Morus,
890 2231 1042 2309 Semler,
1076 2233 1201 2307 Koppe
1259 2269 1262 2278 ·

128 2335 268 2411 Borger
287 2337 467 2412 praeierunt,
494 2336 704 2392 maturitatem
730 2335 864 2391 omnem
888 2336 1046 2406 apostolici
1072 2351 1094 2392 o
1121 2338 1200 2394 Ser-
1267 2398 1271 2406 ,

113 2439 232 2506 ¹tristiore
251 2437 285 2492 ta
304 2438 397 2494 vitam
415 2442 554 2494 revocato
576 2441 605 2493 et
625 2435 773 2492 iitrutruto
795 2436 854 2508 ipat
875 2435 1046 2493 deowndoei
1065 2451 1201 2497 osserm

127 2541 227 2594 souma
247 2535 377 2594 homiues
400 2535 430 2594 iu
450 2550 486 2592 eo
506 2534 680 2593 attendentes
707 2533 783 2608 quod
810 2535 918 2593 Paulus
946 2551 1002 2594 uou
1031 2538 1137 2596 suisset
1164 2553 1201 2597 ex

126 2651 245 2697 numeru
271 2652 383 2712 eorum,
417 2635 464 2710 qui
494 2651 561 2693 oum
587 2635 701 2695 Christo
726 2637 756 2695 iu
781 2639 865 2695 terris
891 2641 1084 2696 versarentur.
1132 2641 1199 2698 Be-

127 2740 230 2799 motius
255 2737 392 2814 videtur,·
418 2737 549 2794 oommati
578 2737 672 2810 potius
698 2735 727 2794 i.
755 2736 943 2812 couveniens,
976 2739 1052 2812 quod
1086 2739 1200 2814 Chry-

127 2843 212 2897 sust.
234 2839 344 2916 statuit,
365 2841 481 2910 propter
502 2838 670 2896 defensores
690 2837 767 2914 legIs
787 2837 938 2895 Massiuae
958 2838 1004 2895 iris
1024 2839 1091 2897 vib.
1112 2857 1199 2899 meu-

126 2939 234 2998 tiouem
253 2938 332 2998 iuiiei
352 2937 482 2997 beuesseii
503 2939 619 3015 summt,
650 2939 724 3013 quod
745 2953 798 3012 per
817 2943 935 2996 mortem
956 2941 984 2996 et
1004 2943 1198 3000 resurreetio·

125 3055 193 3100 uem
226 3039 332 3098 Christi
357 3039 487 3096 omnibus
513 3037 552 3096 ita
580 3037 731 3114 eontigerit
762 3043 794 3097 ut
823 3038 899 3115 legis
930 3039 1008 3097 Mos.
1041 3044 1198 3106 necessitas

125 3141 281 3198 tolleretur.
324 3139 668 3218 qu,iuquit‚Po1dua
693 3143 846 3215 apostotus
872 3157 934 3198 non
958 3143 997 3200 ab
1017 3141 1196 3224 tonantius,

126 3257 226 3317 oeqw
243 3255 301 3318 per
321 3242 487 3320 homnem,
515 3241 644 3315 suuper
662 3243 769 3300 leuem
795 3243 946 3300 timeum
966 3245 996 3298 et
1015 3241 1116 3300 Deum
1133 3261 1197 3319 po-

127 3347 221 3420 trum,
250 3343 303 3417 qm·
323 3345 407 3402 illum
436 3359 478 3402 eu·
498 3344 624 3401 witrio
648 3344 821 3420 maturuit,
850 3339 896 3416 (v.
911 3339 958 3418 2.)
982 3348 1029 3419 et,
1058 3347 1111 3418 qut
1130 3361 1197 3402 me·

125 3457 196 3503 oum
216 3447 288 3502 aunt
305 3439 421 3517 fratres
442 3459 561 3522 onena,
587 3441 607 3499 i.
622 3455 647 3500 e.
667 3443 819 3518 reliqionir
838 3443 928 3521 socii,
950 3443 1110 3517 quicunque
1127 3453 1197 3503 'me-

126 3557 194 3601 oum
222 3542 370 3620 (Ephesi,
397 3529 445 3602 vri.
474 3543 607 3619 proiegg.
630 3542 660 3617 5.
682 3539 733 3623 a.)
766 3547 932 3619 versantur,
962 3542 1020 3600 hoo
1045 3560 1197 3616 prosumus

126 3645 257 3704 coetibus
280 3643 427 3704 Galatiae.
470 3645 533 3702 Cir.
555 3643 738 3704 salutationes
759 3642 888 3702 similiter
912 3643 1063 3704 multorum
1084 3649 1197 3706 uomina

124 3746 288 3802 enuntiatae
308 3747 424 3805 Itouna.
443 3747 498 3825 16,
518 3746 570 3803 16.
592 3746 621 3804 1.
635 3747 719 3805 Corr.
732 3744 786 3825 16,
805 3747 858 3804 20.
885 3746 1015 3820 Philipp.
1032 3747 1072 3825 4,
1089 3751 1142 3806 22.
1156 3749 1196 3807 ul.

125 3845 292 3906 Malueruut
325 3845 424 3920 plures
466 3845 609 3921 (Koppe
646 3844 772 3903 Boiteu
804 3845 929 3904 Winer
958 3848 1092 3906 Paulus
1122 3849 1195 3908 ltu-

125 3947 230 4006 ekert
250 3947 310 4025 al.)
333 3961 398 4004 voo.
421 3938 587 4022 ἀδελφοὶ
613 3947 651 4003 rie
671 3945 760 4004 sociis
785 3946 911 4004 muueris
936 3948 1084 4020 apostolioi
1108 3949 1196 4006 itine-

124 4063 246 4121 rumque
258 4047 341 4105 Pauli
353 4045 501 4105 comitibus
511 4045 698 4122 interpretari,
715 4048 744 4106 1.
757 4047 841 4107 Corr.
855 4048 887 4127 1,
900 4048 930 4106 1.
952 4049 1081 4123 Philipp.
1091 4051 1131 4130 4,
1141 4052 1195 4110 31.

124 4149 432 4228 I.i'1oess.1,1.ot.
475 4147 535 4205 Sed
553 4147 649 4224 illam,
683 4161 756 4222 quae
776 4148 861 4205 latius
881 4151 971 4224 patet,
1002 4150 1103 4207 vocab.
1127 4149 1196 4226 sig-

125 4247 317 4306 uiioatiuuam
352 4248 633 4326 Baumgarteuto
670 4247 886 4308 Rambaohio
921 4249 1100 4327 notgero,
1130 4249 1196 4310 aliis

887 4341 985 4446 ara
