2744 4824
512 335 824 428 l’relegomeuo.
1127 337 1209 412 299

137 505 277 578 trinium
310 505 488 597 impeditos
518 529 618 596 esse,
650 529 716 600 qno
747 509 858 582 minus
890 507 1084 580 dootorihus
1110 509 1210 580 talsls

4 596 7 658 5
136 609 432 680 ohoumoisionem
462 609 666 682 Christianis
699 610 951 700 iniungentibns
979 633 1083 682 aures
1110 627 1210 702 prae·

137 711 260 779 herent
282 711 513 802 obsequiosas.
555 713 646 790 Quid
666 712 771 802 igitur
793 721 879 802 arat,
900 714 990 805 quod
1010 714 1066 784 vol
1088 719 1211 784 edoce·

4 842 6 853 ·
135 820 195 883 ret
215 813 360 882 Galatas
382 816 424 882 do
446 835 485 882 re
507 815 701 903 notissima,
731 813 788 887 rel
815 816 1052 893 auctoritatem
1080 817 1212 888 deonoti

137 913 285 1005 amplius
308 921 514 1004 exponerett
549 916 850 1006 llalebatpraeter
865 937 963 984 suam
977 917 1097 1006 ipsius,
1116 919 1210 1008 Apo-

136 1017 219 1086 stoli
241 1019 455 1108 doctorisque
475 1017 689 1108 Galatarum,
710 1019 947 1090 austeritatem
968 1019 1038 1088 alia
1057 1020 1211 1110 profarre

136 1128 352 1208 argumenta,
374 1141 462 1210 quae
480 1120 613 1190 animos
633 1121 767 1192 illorum
786 1121 956 1192 homiuum
968 1123 1109 1210 gravia
1126 1146 1210 1213 puu-

136 1230 278 1311 gerent3
311 1220 514 1310 praesertim
549 1246 650 1313 quum
680 1245 725 1295 ue
752 1223 989 1312 acquiesceret
1014 1225 1148 1314 quidam
1176 1224 1211 1298 iu

139 1345 187 1394 ea
208 1323 378 1392 sententis
397 1321 590 1412 probanda,
615 1347 703 1416 quse
730 1327 871 1396 doereto
898 1325 1069 1397 Hierosol.
1097 1326 1212 1396 tuerat

137 1426 328 1498 emetituta
365 1429 457 1510 (aaa
482 1437 586 1498 mm
618 1426 730 1514 legem
755 1419 942 1501 lllosaiosm
972 1427 1211 1516 iniungendum

136 1549 220 1598 osse
255 1527 441 1596 onltorilrus
475 1527 602 1597 Christi
636 1551 679 1597 ex
710 1529 889 1618 paganis),
919 1532 986 1618 ,sed
1019 1529 1211 1601 libertatem

136 1630 410 1700 Christianorum
444 1629 591 1700 omnium
619 1631 663 1698 ab
696 1630 858 1701 uuiversa
887 1630 970 1720 lege
1002 1632 1213 1709 oerimeniali

134 1733 293 1821 graviter
333 1738 516 1802 assereret.
564 1732 811 1802 Existimaruut
841 1733 949 1822 itera,
991 1757 1213 1826 quaeeunque

134 1833 269 1906 Paulus
295 1835 331 1902 iu
356 1835 423 1904 lrso
451 1833 597 1924 epistola
624 1837 668 1904 de
694 1834 898 1905 Christianis
926 1838 972 1916 ad
998 1837 1213 1911 Judaismruu

135 1934 398 2027 proelisioribns
419 1937 664 2022 enuntiaverit,
692 1936 736 2006 ab
762 1936 824 2006 illa
844 1939 982 2008 differre
1008 1941 1145 2008 esdron-s·
1169 1940 1212 2010 de

136 2039 194 2108 lris
214 2039 319 2110 rebus
341 2039 508 2110 sentiendi
529 2040 682 2126 ratione,
703 2061 804 2130 quam
825 2039 914 2108 idem
934 2040 1122 2129 Apostolus
1137 2051 1218 2131 post

139 2149 343 2212 conventum
364 2141 536 2212 Hierosol.
558 2139 764 2232 aliquamdiu
784 2139 889 2210 tuerit
910 2150 1086 2233 sequutus.
1126 2141 1214 2209 Nar·

135 2252 238 2313 ratur
272 2244 363 2312 euim
387 2243 594 2333 Apostolus,
623 2249 802 2334 postquam
836 2244 1018 2318 couventui
1044 2241 1216 2318 moroni.

137 2344 256 2429 (Ast.
282 2369 312 2414 e.
332 2343 409 2435 to.)
430 2345 649 2431 interfuerat,
672 2365 831 2432 eunome,
860 2352 899 2417 ot
918 2345 1123 2421 Timotheus
1158 2367 1215 2416 ao-

135 2468 214 2518 mes
235 2470 335 2537 runs,
356 2456 456 2538 patre
476 2469 603 2537 graeeo
624 2455 738 2534 uatus,
758 2447 1060 2520 eucumoideretur
1080 2446 1115 2516 in
1135 2469 1215 2535 gra·
1323 2469 1327 2476 ·

137 2551 224 2620 tiam
253 2549 487 2638 ludaeorum,
522 2550 578 2641 qui
612 2549 771 2636 regiones
799 2548 971 2638 Phrygiae
1000 2557 1037 2622 et
1063 2549 1214 2618 Pisidiae

136 2651 452 2738 iuoolerentsdcet.
465 2651 528 2740 16,
540 2651 604 2740 3.),
625 2651 773 2742 itemque
785 2650 907 2732 seriori
928 2659 1093 2741 tempora,
1105 2649 1214 2740 prop.-

138 2762 195 2826 ter
219 2754 376 2844 Jqueos
403 2777 508 2842 segre
535 2753 703 2842 terentes,
732 2755 821 2844 quod
853 2752 998 2823 Paulum
1026 2753 1218 2835 audiissent

138 2858 367 2930 defeotionem
388 2857 507 2945 alege
528 2855 684 2928 Mosaios
704 2858 830 2926 dooere
850 2855 1024 2944 ludaeos,
1051 2855 1138 2928 ritus
1160 2876 1215 2922 sa-

138 2982 218 3030 oros
238 2961 442 3031 observasse
468 2959 528 3028 illo
549 2967 701 3048 tempore
722 2958 766 3033 ils
786 2958 1038 3044 observandos,
1059 2956 1117 3048 qui
1135 2964 1214 3026 soto

138 3063 296 3137 stnllesnni
322 3070 440 3134 meent
463 3061 635 3149 obstrioti,
663 3060 755 3136 Aca.
774 3057 841 3146 21,
861 3057 1038 3130 lib-26.
1088 3058 1217 3131 Contra

139 3165 194 3240 ad
214 3163 352 3251 outa,
369 3163 434 3234 14.
448 3185 520 3256 sqq.
542 3185 643 3253 quam
663 3163 816 3252 graviter
830 3162 969 3231 Petrum
985 3160 1216 3250 reprehende-

137 3267 206 3353 rit,
233 3265 293 3356 qui
321 3266 502 3356 aliquando
529 3266 644 3352 iugum
670 3265 759 3353 legis
790 3263 1016 3334 cerimonialis
1042 3262 1216 3350 imponere

139 3368 307 3447 salsisset
326 3368 517 3438 homiuibus
531 3365 908 3451 EthuiooGhristiouis,
930 3367 1003 3453 ipse
1024 3363 1215 3456 profitetur,

140 3473 307 3561 daoetque
329 3469 367 3558 s,
389 3469 426 3540 2.
448 3471 636 3540 doetriuam
658 3471 701 3540 de
715 3469 854 3540 ,Christo
867 3466 1025 3555 Galatas,
1048 3465 1078 3534 si
1100 3469 1216 3536 doato·

139 3574 236 3644 ritus
258 3573 355 3645 raab
376 3573 668 3644 ntennoiaionem
696 3569 1007 3642 oommendantibus
1034 3567 1217 3659 obsequuti

139 3674 289 3763 luerim,
315 3675 398 3744 nihil
426 3697 505 3744 esse
531 3675 734 3746 iuvaturam.
781 3671 847 3759 At,
875 3693 944 3762 qno
973 3673 1112 3742 tundam
1140 3670 1216 3740 iure

141 3801 186 3848 ex
204 3777 291 3848 loeis
312 3775 460 3848 laudatis
486 3775 648 3866 mlligas,
674 3772 819 3848 Paulum
840 3774 985 3846 dirersis
1005 3772 1217 3860 temporibus

140 3880 246 3950 aliam
273 3879 408 3948 omniuo
436 3878 565 3949 fusim
585 3880 637 3948 da
658 3878 768 3967 pretio
790 3874 1060 3950 cirumcisionis
1086 3896 1217 3944 rerum·

142 4004 209 4074 qno
228 3982 452 4053 Julaiaarunr
473 3981 697 4067 sententiam,
718 3979 864 4048 aliaurre
885 3978 1058 4046 notionem
1078 3973 1217 4046 liberta·

142 4085 189 4151 tis
216 4083 454 4158 Glsristianaet
503 4082 692 4156 Audiamus
725 4080 868 4152 Paulum
894 4078 923 4148 l.
960 4079 1005 4148 ad
1036 4075 1216 4150 conada

144 4183 183 4274 a,
203 4183 268 4255 20.
292 4207 365 4278 sqq·
384 4184 494 4266 libare
515 4185 602 4256 haoo
623 4183 853 4274 profitentem:
884 4187 940 4252 aei
965 4174 1127 4270 ὀναίμην
1147 4183 1218 4266 soie
