2744 4824
189 399 269 473 ³22
375 337 529 490 dipistoie
550 401 594 470 ed
616 399 760 470 Galatas
783 397 821 468 G.
839 397 867 466 i.
894 397 938 470 V.
964 399 1079 472 i-d.

188 577 328 654 raeoous,
349 576 440 656 iegati
452 574 757 653 praeeipueinsigues,
779 568 857 632 haud
869 555 1016 652 urgerent.
1059 575 1121 636 dir.
1138 575 1258 650 chry-

188 683 272 741 sost
297 679 336 738 ad
360 679 390 736 ir.
415 679 436 738 1.
482 679 596 756 Negat,
626 693 660 736 se
691 677 871 734 eonstitutum
896 691 964 736 esse
994 671 1180 739 ἀπόστολον
1207 679 1259 738 vel

190 774 255 840 eir?
284 771 530 857 eirdpoirrorr,
554 779 603 836 uel
630 771 678 841 δι’
706 769 931 854 ἀνθρώπου.
979 779 1261 852 synonymarum

188 880 412 956 praepositiones
433 874 508 940 e’nd
532 883 562 937 et
583 874 648 939 ded
672 880 800 952 plerique
820 877 980 937 habuerunt
994 881 1165 954 interpretas
1179 881 1259 958 (iq.

189 973 303 1059 r‘rrrd),
330 981 425 1057 magis
450 979 563 1038 sollieiii
595 979 634 1037 de
663 979 828 1038 discrimine
858 977 977 1050 pluralis
1008 973 1197 1058 ἀνθρώπων
1229 986 1261 1040 et

188 1081 347 1160 singularis
368 1075 552 1159 ἀνθρώπου
576 1080 747 1154 explieaudo
780 1079 833 1156 (v.
855 1093 882 1137 e.
902 1079 1026 1140 Morus
1047 1061 1113 1142 eum
1132 1083 1260 1142 Bolte-

189 1183 260 1242 nio:
286 1197 379 1256 neque
405 1181 580 1258 redintegro
605 1183 701 1256 aliquo
728 1185 827 1257 eoetu,
857 1196 914 1238 neo
932 1197 985 1254 per
1006 1183 1149 1243 homiuem
1168 1199 1262 1242 uuum

190 1275 358 1374 epnstitu'tus
388 1284 562 1359 Apostolus,
599 1283 759 1356 Koppee
796 1297 853 1341 nou
883 1281 1042 1358 hominum,
1084 1300 1123 1343 ne
1153 1287 1260 1343 euius-

190 1401 275 1461 quam
297 1385 410 1459 quidem
430 1384 551 1443 hominis
572 1385 718 1443 voluntate
738 1387 824 1457 atque
845 1384 918 1441 adeo
938 1383 1094 1443 ministerio
1115 1385 1259 1444 eonstitu-

188 1486 270 1564 tus),
297 1501 457 1561 quenquam
482 1483 561 1544 haud
587 1486 753 1566 deruerunt,
775 1485 832 1558 'qui
863 1499 946 1542 usum
971 1485 1120 1559 utriusque
1145 1489 1260 1546 numeri

190 1589 355 1662 simplieiter
375 1588 511 1664 gravitati
531 1585 671 1645 sermonis
690 1585 844 1665 augendae
857 1585 999 1644 inservire
1014 1590 1155 1658 putarent.
1198 1587 1260 1644 Sed

188 1690 277 1766 probe
301 1689 453 1746 tenendum
479 1701 545 1746 eum
566 1689 730 1760 Wiuero,
755 1688 980 1757 praepositiones
1004 1687 1069 1745 illas
1094 1689 1194 1760 utique
1216 1689 1260 1746 sie

189 1791 317 1866 differre,
338 1793 370 1846 ut
390 1781 469 1848 nied
492 1788 530 1845 sd
545 1789 870 1846 eausameurotiorem
891 1780 956 1846 ried
981 1788 1018 1846 ed
1038 1803 1164 1846 euuaarn
1181 1805 1259 1864 pro-

153 1935 155 1944 .
189 1895 306 1969 piorem
325 1890 472 1964 pertineat
515 1888 576 1945 Cir.
595 1891 771 1945 Hermann
791 1889 830 1945 ad
851 1889 989 1962 Sopooel.
1002 1891 1258 1950 diocesaneus.

102 1998 107 2008 '
190 1994 315 2053 Winer
337 1992 588 2052 &mittete
610 1992 656 2047 ed.
668 1990 732 2046 ΠΙ.
752 1989 1023 2066 ρ.318.,394.εᾳ.
1064 1991 1100 2048 ii.
1123 1991 1260 2050 Sedulo

191 2095 291 2158 deors
320 2107 388 2151 eom
414 2093 525 2152 utristi.
549 2091 754 2168 Aderrdmodt,
780 2091 908 2166 deipztp
931 2089 1029 2150 1824.
1052 2109 1083 2166 p.
1099 2093 1175 2151 217.
1197 2109 1259 2168 app.

190 2195 333 2258 Addrmat
369 2191 477 2251 Paulus
514 2192 649 2251 isoortoea
680 2207 743 2249 oon
771 2190 869 2264 titisse
902 2191 1013 2268 (neque
1043 2198 1156 2251 eeteros
1187 2193 1260 2252 Jesu

188 2296 318 2374 legatos,
337 2307 394 2352 neo
413 2293 486 2354 elios
505 2291 667 2369 homines),
698 2295 751 2368 por·
769 2293 840 2352 darie
859 2295 1024 2372 eeeuir'oni,
1046 2309 1108 2368 quo
1128 2296 1194 2368 ipse
1214 2297 1260 2354 ie-

189 2405 279 2478 potor
301 2397 412 2458 Uiriato·
437 2397 684 2472 contemneretur,
712 2397 971 2470 opportunitatem¹
984 2397 1180 2474 praeberent,
1205 2413 1261 2456 nee

190 2517 260 2561 m
278 2497 375 2573 fissae
394 2498 558 2573 imenso,
574 2491 671 2574 [eodm
689 2510 762 2554 eece
781 2498 888 2554 auditu
905 2497 1093 2570 provinciam
1113 2499 1260 2571 apertuit-

190 2601 441 2672 eurrtroser'peret.
483 2595 604 2668 Propius
617 2595 741 2655 adiano
749 2596 1005 2670 interpretationem
1016 2597 1144 2673 eeeedit,
1165 2614 1259 2671 quan-

191 2715 277 2776 quam
296 2697 488 2758 diversitatem
511 2695 633 2755 meno.
661 2689 727 2754 utut
751 2699 780 2754 et
801 2691 855 2756 ried
889 2699 981 2755 minus
1001 2703 1138 2755 aeemete
1158 2699 1259 2771 expri-

190 2802 256 2879 mit,
276 2799 352 2876 quod
372 2799 545 2858 Calvinus
563 2797 650 2856 habet
676 2796 968 2869 chrysostomum
989 2803 1141 2872 sequutum
1172 2799 1259 2876 „pri-

190 2916 269 2964 mum
293 2899 365 2962 iilud
389 2899 561 2958 membrum
593 2913 650 2957 non
675 2913 743 2957 esse
762 2904 896 2958 verarum
923 2899 961 2958 ab
980 2899 1155 2975 homiuibus,
1178 2915 1260 2958 eum-

190 3017 277 3064 muue
296 3001 419 3061 habetat
439 3013 505 3058 eum
526 2999 655 3058 ommius
674 2999 754 3056 veris
776 2999 883 3058 christi
903 3000 1053 3075 ministris3
1073 3000 1165 3060 soiius
1185 3001 1258 3058 euim

190 3101 247 3166 iiei
266 3107 324 3178 em,
350 3099 506 3160 eoelesiem
526 3115 607 3158 suam
626 3114 750 3178 regere,
776 3115 849 3176 ergo
869 3100 981 3158 voeatio
1001 3115 1060 3158 uon
1079 3105 1174 3172 petest
1194 3115 1258 3158 esse

190 3203 328 3282 regiona,
349 3201 403 3262 uisi
417 3202 454 3260 ab
474 3201 550 3277 ipsos
568 3231 602 3246 -
617 3203 775 3260 meandum
789 3201 959 3258 membrum:
980 3215 1036 3259 non
1048 3215 1114 3258 esse
1128 3207 1259 3260 uocatum

22 3263 23 3288 Χ
140 3283 142 3293 ’
190 3322 244 3382 per
262 3305 413 3380 hominem,
433 3301 615 3377 peouliariter
640 3303 819 3374 eompeteiet
838 3301 1186 3374 Apostoiis-Apostoios
1205 3278 1259 3362 elio

191 3407 276 3466 modo
308 3405 379 3482 eligi
411 3402 545 3478 oportuit,
584 3417 669 3476 quam
700 3404 848 3478 Pastores,
880 3417 982 3475 nempe
1014 3401 1177 3460 immediate
1210 3403 1260 3480 (nt

190 3507 363 3583 loquuntur)
385 3505 422 3564 ab
441 3505 505 3578 ipso
524 3503 644 3562 nemim
665 3503 746 3562 eto.“
786 3503 961 3562 Auetoritati
980 3507 1010 3562 et
1029 3502 1135 3578 origini
1155 3503 1260 3562 huma-

191 3622 248 3666 nae
263 3604 376 3679 opponit
389 3609 492 3678 Apost-
506 3620 594 3662 veros
611 3605 739 3662 muneris
753 3603 799 3662 sui
822 3603 971 3676 apostuliei
990 3607 1136 3676 austeres:
1159 3596 1258 3662 ἀλλὰ

191 3701 407 3781 διᾶἺησοῦ
423 3712 478 3764 eto
527 3705 694 3779 mquam
718 3719 849 3778 praepos
875 3699 942 3764 διᾶ
973 3719 1039 3762 eum
1064 3704 1158 3780 genii.
1184 3719 1260 3780 pro-

188 3812 258 3885 prie
268 3807 380 3868 nunde
393 3821 480 3863 eausa
500 3807 606 3864 dieitur
622 3806 771 3879 principaii
791 3805 990 3881 (vdwtner
1004 3807 1193 3866 oreumuie
1208 3811 1259 3864 ete.

192 3913 237 3969 ed
264 3905 331 3970 ΠΙ.
355 3905 527 3985 pom),
548 3907 578 3965 h.
607 3908 628 3964 l.
654 3911 763 3982 tamen,
794 3921 881 3979 quum
908 3907 945 3964 de
970 3906 1044 3964 Jesu
1077 3905 1162 3964 euius
1188 3919 1259 3962 voee

191 4011 300 4072 Paulus
325 4013 354 4068 et
379 4010 594 4068 eonverteretur
612 4012 641 4064 et
666 4007 823 4080 Apostolus
846 4009 928 4066 deret
952 4006 1052 4085 (dett.
1073 4024 1099 4068 e
1120 4011 1150 4066 9.
1172 4009 1258 4066 eti.

191 4127 218 4171 o.
243 4113 293 4171 17.
320 4111 411 4189 sqq.)
430 4113 566 4182 usurpata
589 4108 707 4182 ruisset,
746 4109 829 4168 simui
858 4109 897 4166 ad
928 4123 1047 4168 eaumru
1078 4107 1123 4167 rei
1150 4109 1257 4181 prinn-

191 4213 284 4288 psIeru
310 4213 432 4289 transiit,
463 4211 570 4288 neum,
598 4215 737 4286 quatenus
755 4211 888 4273 voluntte
913 4207 967 4270 iiei
987 4209 1095 4286 edeeit,
1125 4211 1158 4266 ut
1177 4210 1254 4267 Pau-
