2740 4828
497 394 810 482 Proles-emesa.
834 383 838 395 ⁴
1135 395 1185 463 ts

113 564 317 634 'l'imotbeus
363 563 441 654 (qui
473 571 658 652 praeeunte
684 564 784 633 Lueu
813 566 905 635 Arte.
934 564 1002 655 18,
1028 562 1090 634 18.
1112 587 1186 655 sqq.

115 691 215 756 quum
247 664 379 734 Paulus
402 666 572 736 Borintlm
612 667 851 756 discessisset,
888 667 1092 757 aliquamdiu
1106 689 1187 736 non

114 769 177 836 fuit
205 772 240 834 iu
264 767 443 836 comitibus
465 768 600 856 Pauli),
629 791 693 860 quo
719 777 870 858 tempore
890 769 1076 858 Apostolus
1097 770 1186 836 beno
1215 819 1218 825 .
1358 843 1359 850 ,

114 869 259 936 alteram
294 871 338 936 ad
373 869 547 938 Thessall.
580 869 756 959 epistolam
790 872 965 960 exaravit,
994 872 1187 956 etiamnum,

115 994 191 1040 oum
214 970 306 1056 Sile,
329 971 420 1058 apnrl
441 972 730 1060 ipsumsersatus
752 981 817 1060 est,
839 974 897 1041 II.
913 973 1084 1041 Thessali.
1100 973 1135 1057 1,
1151 971 1186 1037 1.

120 1074 315 1162 Tempore,
337 1095 404 1162 qno
425 1075 555 1162 scripta
573 1074 687 1162 fuerit,
708 1075 858 1162 vestigia
878 1083 974 1143 esrta
986 1075 1063 1141 looo
1076 1073 1189 1142 inesse

115 1174 281 1260 epistolae
306 1173 354 1242 Π.
390 1197 421 1244 e.
449 1173 486 1242 8.
519 1198 553 1245 s.
581 1175 619 1244 8.
646 1176 748 1244 nolim
783 1176 985 1263 adfirmare,
1016 1197 1082 1243 ueu
1114 1174 1188 1262 ipse'

114 1275 404 1344 Eiohbornius
435 1277 534 1344 Er'nl.
563 1275 600 1344 e.
636 1278 684 1347 B.
723 1277 757 1344 1.
785 1277 912 1364 Hblflo
936 1301 970 1366 p.
998 1272 1063 1344 oe.
1092 1285 1192 1344 serta

115 1376 301 1446 existimat.
350 1378 534 1453 Quaeritur
567 1380 681 1467 enim,
712 1387 823 1448 utrum
856 1379 963 1449 verbe
995 1376 1064 1446 loci
1094 1377 1189 1448 lma

113 1477 173 1550 iso
193 1479 378 1570 ῥυσθῶμεν
399 1477 482 1548 ἀπὸ
508 1481 592 1550 τῶν
619 1477 788 1550 ἀτόπων
807 1485 881 1550 καὶ
902 1482 1103 1570 πονηρῶν
1124 1477 1191 1549 ἄν·

115 1579 309 1672 θρώπνν
337 1585 380 1650 (le
406 1583 465 1650 illo
494 1583 700 1671 potissimum
730 1583 874 1652 tumultu
901 1591 1020 1654 eontra
1046 1581 1191 1650 Paulum

117 1686 286 1771 exemto,
309 1707 408 1774 quam
429 1685 544 1754 Lucas
564 1685 659 1753 Aott.
685 1683 747 1770 18,
765 1683 827 1762 ts.
850 1707 922 1776 sqq.
944 1685 1130 1774 subfimem
1150 1685 1189 1751 il·

116 1788 184 1854 liris
213 1789 394 1874 temporis,
426 1789 514 1878 quorl
541 1787 668 1854 Paulus
696 1785 848 1854 Corinthi
882 1788 1051 1874 transegit
1076 1787 1196 1873 (untur,

118 1889 199 1956 anui
220 1897 258 1958 et
284 1911 349 1957 sex
365 1889 548 1975 mensium,
574 1887 668 1956 Am.
693 1885 755 1974 18,
770 1889 860 1976 11.)
888 1889 1055 1959 eooidisse
1083 1895 1189 1956 testa-

118 1999 194 2076 tur,
221 2011 264 2057 an
286 1990 445 2059 universe
472 1990 528 2058 vel
550 1992 592 2058 de
613 1989 819 2059 adversariis
840 1989 996 2078 Apostoli
1018 1990 1107 2058 inter
1126 1989 1189 2057 Ju-

120 2095 242 2178 slaeos‚
270 2092 377 2179 ipsius
404 2092 496 2160 sitae
518 2112 761 2178 saepenumero
784 2092 1035 2178 insidiantibus,
1060 2090 1117 2159 vel
1145 2094 1194 2158 de

121 2193 317 2262 doctoribus
339 2192 448 2260 ¹falsis
482 2197 526 2260 arl
556 2193 769 2261 ludaismum
807 2192 985 2281 propensis
1016 2192 1192 2264 doetrinae

120 2293 280 2380 Apostoli
320 2295 599 2381 repugnantibus.
624 2292 768 2379 intelligi
808 2294 964 2364 debeant.
990 2347 993 2354 .
1017 2294 1193 2362 Eiusmodi

123 2397 246 2486 quippe
277 2397 494 2464 advemmios
521 2397 693 2485 Apostoli,
727 2395 784 2485 qui
809 2399 881 2462 sirm
907 2409 988 2464 erate
1011 2398 1192 2464 mans
1244 2414 1252 2428 ·

122 2497 216 2566 illum
238 2497 328 2566 Aee
348 2495 411 2583 18,
428 2495 489 2564 ts.
511 2521 583 2589 sqq.
606 2507 800 2566 enarratum
821 2495 995 2565 molestias
1017 2498 1048 2565 ei
1071 2517 1193 2566 errare

122 2607 275 2687 possent,
297 2597 589 2687 Corinthiiuisea,
611 2622 711 2667 nemo
732 2598 834 2667 laeile
857 2599 1080 2687 improbabile.
1098 2599 1191 2667 ‹lixe-

120 2702 177 2768 rit.
222 2701 460 2789 Quoqnidem
482 2708 679 2786 mgamemo
699 2700 900 2770 Bertholdts'
919 2723 1055 2790 qnoque
1077 2701 1191 2770 oouie-

122 2811 222 2870 ctura
255 2802 420 2870 evertitur
455 2801 568 2886 (Erisl.
595 2801 634 2871 o.
660 2802 707 2872 B.
735 2826 773 2891 p.
796 2799 951 2889 3481),
980 2803 1035 2871 eoi
1062 2803 1193 2871 Paulus

121 2906 180 2974 ΙΙ.
207 2904 377 2972 Themell-
398 2901 437 2991 il,
459 2901 496 2972 2.
523 2906 568 2972 ml
596 2904 794 2974 vexationes
814 2923 855 2972 eo
877 2903 970 2992 loeo,
998 2927 1096 2996 qoem
1121 2907 1193 2973 iem

122 3005 276 3074 aditurus
303 3014 414 3092 esset,
442 3009 640 3074 metuendas
670 3006 865 3094 respexisse
890 3007 1034 3076 videtur.
1054 3011 1084 3092 ὅ)
1127 3008 1191 3075 At·

121 3113 236 3174 tamen
272 3106 363 3174 baud
395 3107 496 3175 dubie
524 3108 668 3196 epistole
693 3109 861 3196 posterior
885 3132 954 3178 nors
979 3113 1093 3176 marem
1115 3121 1196 3199 post

115 3212 275 3298 priorem
296 3207 425 3296 scripta
450 3217 545 3278 reete
572 3211 793 3279 existimatur.
842 3211 1010 3287 Quantum
1037 3212 1191 3298 equidem

121 3310 241 3395 video,
272 3330 338 3378 uon
365 3310 475 3396 potuit
502 3319 596 3380 uerte
623 3313 717 3399 prius
745 3313 898 3397 exarari,
926 3335 1025 3402 qoam
1051 3311 1192 3400 Paulus,

121 3409 242 3478 nuntio
274 3411 316 3478 oe
344 3411 546 3480 Christianis
574 3413 939 3483 Tbessalouioeusibus
970 3419 1099 3480 mrum
1127 3415 1192 3482 sibi

122 3511 249 3608 allate,
272 3522 494 3601 cognoverat,
520 3515 610 3582 bend
631 3537 759 3603 pausos
780 3515 947 3606 παρουσίᾳ
970 3515 1097 3584 Christi
1117 3525 1191 3584 tan·

122 3635 224 3702 quam
245 3615 396 3703 proxime
416 3616 564 3685 instante
590 3620 820 3706 exspectanda
841 3618 959 3685 'auimo
987 3619 1193 3707 perturbari,

191 3819 221 3884 s)
237 3821 346 3872 Dudum
362 3823 487 3876 refutate
502 3828 546 3876 est
562 3826 703 3878 senteutta
720 3823 835 3893 eroes,
853 3839 929 3894 earu,
953 3839 1024 3892 quae
1040 3827 1069 3876 tu
1086 3837 1192 3880 esnone

122 3911 222 3958 nostro
250 3906 343 3958 losum
369 3911 551 3971 posteriorem
578 3910 702 3978 obtinet,
730 3913 873 3976 eptstolam
902 3913 1191 3971 thessalonicensium

122 3993 275 4058 scriptam,
314 3991 382 4041 ante
422 3991 447 4042 1.
486 3997 628 4044 exaratam
671 4009 744 4047 esse.
793 3998 993 4062 Argumentum
1027 3999 1123 4060 quippe
1157 4009 1192 4064 eu

113 4057 164 4123 'tn
185 4073 529 4142 stess.e‚17.petltum
552 4079 653 4129 nulllus
670 4085 716 4132 est
737 4081 882 4147 ponderis,
912 4089 993 4144 quarm
1016 4079 1119 4143 absque
1141 4092 1190 4129 ro-

122 4162 200 4210 ttoue
217 4159 317 4211 tdouea
333 4165 433 4226 ponat,
458 4161 592 4228 lectores,
610 4175 663 4225 qoo
681 4165 805 4228 tempore
823 4165 941 4228 epistola
959 4165 1035 4226 prtor
1052 4165 1191 4215 scribere·

121 4247 185 4309 tur,
203 4235 301 4296 eodem
317 4247 478 4300 summoue
495 4247 672 4313 apstolorum
686 4247 793 4301 Paultu.
811 4244 976 4304 toooueuto
991 4247 1149 4314 mutuasse.
