<?xml version="1.0" encoding="UTF-8"?>
<!DOCTYPE html PUBLIC "-//W3C//DTD XHTML 1.0 Transitional//EN"
    "http://www.w3.org/TR/xhtml1/DTD/xhtml1-transitional.dtd">
<html xmlns="http://www.w3.org/1999/xhtml" xml:lang="en" lang="en">
 <head>
  <title>
</title>
<meta http-equiv="Content-Type" content="text/html;charset=utf-8" />
  <meta name='ocr-system' content='tesseract 3.04.00' />
  <meta name='ocr-capabilities' content='ocr_page ocr_carea ocr_par ocr_line ocrx_word'/>
</head>
<body>
  <div class='ocr_page' id='page_1' title='image "./epistolaepaulia01schogoog_0384.png"; bbox 0 0 2684 4830; ppageno 0'>
   <div class='ocr_carea' id='block_1_1' title="bbox 278 398 1182 488">
    <p class='ocr_par' dir='ltr' id='par_1_1' title="bbox 278 398 1182 488">
     <span class='ocr_line' id='line_1_1' title="bbox 278 398 1182 488; baseline 0.015 -18"><span class='ocrx_word' id='word_1_1' title='bbox 278 399 433 488; x_wconf 74' lang='lat' dir='ltr'><strong>Epistola</strong></span> <span class='ocrx_word' id='word_1_2' title='bbox 454 401 499 472; x_wconf 77' lang='lat' dir='ltr'><strong>oti</strong></span> <span class='ocrx_word' id='word_1_3' title='bbox 520 398 677 475; x_wconf 74' lang='lat' dir='ltr'><strong>Galatas</strong></span> <span class='ocrx_word' id='word_1_4' title='bbox 704 399 801 474; x_wconf 66' lang='lat' dir='ltr'><strong>all</strong></span> <span class='ocrx_word' id='word_1_5' title='bbox 824 399 1002 480; x_wconf 76' lang='lat' dir='ltr'><strong>v.ti-u.</strong></span> <span class='ocrx_word' id='word_1_6' title='bbox 1099 401 1182 484; x_wconf 76' lang='grc'><strong>369</strong></span> 
     </span>
    </p>
   </div>
   <div class='ocr_carea' id='block_1_2' title="bbox 104 573 1181 1464">
    <p class='ocr_par' dir='ltr' id='par_1_2' title="bbox 104 573 1181 1464">
     <span class='ocr_line' id='line_1_2' title="bbox 107 573 1179 656; baseline 0.004 -20"><span class='ocrx_word' id='word_1_7' title='bbox 107 576 271 654; x_wconf 70' lang='lat' dir='ltr'><strong>mlo,</strong></span> <span class='ocrx_word' id='word_1_8' title='bbox 299 591 373 652; x_wconf 79' lang='lat' dir='ltr'><strong>quac</strong></span> <span class='ocrx_word' id='word_1_9' title='bbox 391 573 486 650; x_wconf 85' lang='lat' dir='ltr'><strong>ipsum</strong></span> <span class='ocrx_word' id='word_1_10' title='bbox 506 575 581 636; x_wconf 85' lang='lat' dir='ltr'><strong>inter</strong></span> <span class='ocrx_word' id='word_1_11' title='bbox 602 580 771 652; x_wconf 83' lang='lat' dir='ltr'><strong>ceterosque</strong></span> <span class='ocrx_word' id='word_1_12' title='bbox 789 578 864 642; x_wconf 75' lang='lat' dir='ltr'><strong>inan</strong></span> <span class='ocrx_word' id='word_1_13' title='bbox 882 575 996 656; x_wconf 81' lang='lat' dir='ltr'><strong>legatos</strong></span> <span class='ocrx_word' id='word_1_14' title='bbox 1016 583 1082 640; x_wconf 83' lang='lat' dir='ltr'><strong>aeta</strong></span> <span class='ocrx_word' id='word_1_15' title='bbox 1108 583 1179 640; x_wconf 81' lang='lat' dir='ltr'><strong>lne-</strong></span> 
     </span>
     <span class='ocr_line' id='line_1_3' title="bbox 106 675 1180 756; baseline 0.002 -18"><span class='ocrx_word' id='word_1_16' title='bbox 106 679 188 753; x_wconf 83' lang='lat' dir='ltr'><strong>rant,</strong></span> <span class='ocrx_word' id='word_1_17' title='bbox 207 694 294 752; x_wconf 87' lang='lat' dir='ltr'><strong>quum</strong></span> <span class='ocrx_word' id='word_1_18' title='bbox 315 679 530 751; x_wconf 81' lang='lat' dir='ltr'><strong>llierosolymus</strong></span> <span class='ocrx_word' id='word_1_19' title='bbox 549 680 692 756; x_wconf 83' lang='lat' dir='ltr'><strong>venisset,</strong></span> <span class='ocrx_word' id='word_1_20' title='bbox 718 697 749 738; x_wconf 85' lang='lat' dir='ltr'><strong>v.</strong></span> <span class='ocrx_word' id='word_1_21' title='bbox 769 675 800 738; x_wconf 75' lang='lat' dir='ltr'><strong>t.</strong></span> <span class='ocrx_word' id='word_1_22' title='bbox 826 681 865 739; x_wconf 82' lang='lat' dir='ltr'><strong>arl</strong></span> <span class='ocrx_word' id='word_1_23' title='bbox 885 695 1002 738; x_wconf 79' lang='lat' dir='ltr'><strong>causum</strong></span> <span class='ocrx_word' id='word_1_24' title='bbox 1021 680 1107 742; x_wconf 83' lang='lat' dir='ltr'><strong>huius</strong></span> <span class='ocrx_word' id='word_1_25' title='bbox 1127 683 1180 742; x_wconf 88' lang='lat' dir='ltr'><strong>lti-</strong></span> 
     </span>
     <span class='ocr_line' id='line_1_4' title="bbox 106 779 1179 859; baseline 0.007 -21"><span class='ocrx_word' id='word_1_26' title='bbox 106 779 188 838; x_wconf 82' lang='lat' dir='ltr'><strong>neris</strong></span> <span class='ocrx_word' id='word_1_27' title='bbox 207 782 333 840; x_wconf 77' lang='lat' dir='ltr'><strong>rediisse</strong></span> <span class='ocrx_word' id='word_1_28' title='bbox 337 821 351 858; x_wconf 86' lang='lat'><em>,</em></span> <span class='ocrx_word' id='word_1_29' title='bbox 378 783 464 853; x_wconf 82' lang='lat' dir='ltr'><strong>atque</strong></span> <span class='ocrx_word' id='word_1_30' title='bbox 484 780 522 838; x_wconf 85' lang='lat' dir='ltr'><strong>de</strong></span> <span class='ocrx_word' id='word_1_31' title='bbox 541 780 579 838; x_wconf 85' lang='lat' dir='ltr'><strong>iis</strong></span> <span class='ocrx_word' id='word_1_32' title='bbox 599 783 738 840; x_wconf 78' lang='lat' dir='ltr'><strong>tretritrus</strong></span> <span class='ocrx_word' id='word_1_33' title='bbox 757 781 857 859; x_wconf 78' lang='lat' dir='ltr'><strong>salsis,</strong></span> <span class='ocrx_word' id='word_1_34' title='bbox 883 781 982 856; x_wconf 82' lang='lat' dir='ltr'><strong>quiin</strong></span> <span class='ocrx_word' id='word_1_35' title='bbox 1003 786 1088 840; x_wconf 87' lang='lat' dir='ltr'><strong>coetu</strong></span> <span class='ocrx_word' id='word_1_36' title='bbox 1107 784 1179 846; x_wconf 71' lang='lat' dir='ltr'><strong>Ars-</strong></span> 
     </span>
     <span class='ocr_line' id='line_1_5' title="bbox 104 881 1181 958; baseline 0.003 -18"><span class='ocrx_word' id='word_1_37' title='bbox 104 881 244 940; x_wconf 80' lang='lat' dir='ltr'><strong>tr&#39;oclreno</strong></span> <span class='ocrx_word' id='word_1_38' title='bbox 264 881 446 956; x_wconf 83' lang='lat' dir='ltr'><strong>prodierant,</strong></span> <span class='ocrx_word' id='word_1_39' title='bbox 472 881 642 952; x_wconf 72' lang='lat' dir='ltr'><strong>exposuisse</strong></span> <span class='ocrx_word' id='word_1_40' title='bbox 661 887 784 956; x_wconf 80' lang='lat' dir='ltr'><strong>putetur.</strong></span> <span class='ocrx_word' id='word_1_41' title='bbox 830 883 935 958; x_wconf 84' lang='lat' dir='ltr'><strong>Neque</strong></span> <span class='ocrx_word' id='word_1_42' title='bbox 959 881 1034 940; x_wconf 84' lang='lat' dir='ltr'><strong>haec</strong></span> <span class='ocrx_word' id='word_1_43' title='bbox 1060 885 1181 944; x_wconf 80' lang='lat' dir='ltr'><strong>omines</strong></span> 
     </span>
     <span class='ocr_line' id='line_1_6' title="bbox 105 977 1179 1066; baseline 0.006 -26"><span class='ocrx_word' id='word_1_44' title='bbox 105 980 193 1056; x_wconf 88' lang='lat' dir='ltr'><strong>plane</strong></span> <span class='ocrx_word' id='word_1_45' title='bbox 212 986 386 1058; x_wconf 82' lang='lat' dir='ltr'><strong>remoretur,</strong></span> <span class='ocrx_word' id='word_1_46' title='bbox 407 981 433 1039; x_wconf 89' lang='lat' dir='ltr'><strong>sl</strong></span> <span class='ocrx_word' id='word_1_47' title='bbox 455 995 520 1038; x_wconf 88' lang='lat' dir='ltr'><strong>cum</strong></span> <span class='ocrx_word' id='word_1_48' title='bbox 540 982 706 1058; x_wconf 78' lang='lat' dir='ltr'><strong>Borgero</strong></span> <span class='ocrx_word' id='word_1_49' title='bbox 724 983 897 1066; x_wconf 76' lang='lat' dir='ltr'><strong>serisseris,</strong></span> <span class='ocrx_word' id='word_1_50' title='bbox 917 984 1038 1042; x_wconf 79' lang='lat' dir='ltr'><strong>forsitan</strong></span> <span class='ocrx_word' id='word_1_51' title='bbox 1060 977 1179 1046; x_wconf 71' lang='grc' dir='ltr'><strong><em>ἀνεθέ-</em></strong></span> 
     </span>
     <span class='ocr_line' id='line_1_7' title="bbox 104 1079 1179 1163; baseline 0.002 -21"><span class='ocrx_word' id='word_1_52' title='bbox 104 1102 174 1162; x_wconf 77' lang='grc' dir='ltr'><strong>μην</strong></span> <span class='ocrx_word' id='word_1_53' title='bbox 193 1085 289 1156; x_wconf 87' lang='lat' dir='ltr'><strong>potius</strong></span> <span class='ocrx_word' id='word_1_54' title='bbox 309 1099 347 1142; x_wconf 82' lang='lat' dir='ltr'><strong>ex</strong></span> <span class='ocrx_word' id='word_1_55' title='bbox 367 1099 396 1140; x_wconf 87' lang='lat' dir='ltr'><strong>v.</strong></span> <span class='ocrx_word' id='word_1_56' title='bbox 412 1081 442 1139; x_wconf 77' lang='lat'><strong>2.</strong></span> <span class='ocrx_word' id='word_1_57' title='bbox 462 1097 547 1155; x_wconf 81' lang='lat' dir='ltr'><strong>quam</strong></span> <span class='ocrx_word' id='word_1_58' title='bbox 567 1084 704 1142; x_wconf 85' lang='lat' dir='ltr'><strong>remotius</strong></span> <span class='ocrx_word' id='word_1_59' title='bbox 722 1085 793 1142; x_wconf 82' lang='lat' dir='ltr'><strong>illuri</strong></span> <span class='ocrx_word' id='word_1_60' title='bbox 814 1079 932 1163; x_wconf 74' lang='grc' dir='ltr'><em>ἀνέβην</em></span> <span class='ocrx_word' id='word_1_61' title='bbox 953 1100 1020 1142; x_wconf 86' lang='lat' dir='ltr'><strong>esse</strong></span> <span class='ocrx_word' id='word_1_62' title='bbox 1039 1087 1179 1158; x_wconf 80' lang='lat' dir='ltr'><strong>supplen-</strong></span> 
     </span>
     <span class='ocr_line' id='line_1_8' title="bbox 104 1183 1179 1262; baseline 0.004 -20"><span class='ocrx_word' id='word_1_63' title='bbox 104 1183 184 1242; x_wconf 85' lang='lat' dir='ltr'><strong>rlum.</strong></span> <span class='ocrx_word' id='word_1_64' title='bbox 232 1185 360 1258; x_wconf 83' lang='lat' dir='ltr'><strong>Utroque</strong></span> <span class='ocrx_word' id='word_1_65' title='bbox 381 1185 455 1244; x_wconf 86' lang='lat' dir='ltr'><strong>eninr</strong></span> <span class='ocrx_word' id='word_1_66' title='bbox 475 1185 559 1242; x_wconf 86' lang='lat' dir='ltr'><strong>modo</strong></span> <span class='ocrx_word' id='word_1_67' title='bbox 581 1197 692 1242; x_wconf 86' lang='lat' dir='ltr'><strong>comma</strong></span> <span class='ocrx_word' id='word_1_68' title='bbox 711 1186 841 1262; x_wconf 90' lang='lat' dir='ltr'><strong>tertium,</strong></span> <span class='ocrx_word' id='word_1_69' title='bbox 869 1199 925 1259; x_wconf 87' lang='lat' dir='ltr'><strong>quo</strong></span> <span class='ocrx_word' id='word_1_70' title='bbox 954 1185 1094 1246; x_wconf 67' lang='lat' dir='ltr'><strong>dosmodi</strong></span> <span class='ocrx_word' id='word_1_71' title='bbox 1121 1189 1179 1246; x_wconf 86' lang='lat' dir='ltr'><strong>ob·</strong></span> 
     </span>
     <span class='ocr_line' id='line_1_9' title="bbox 104 1283 1179 1364; baseline -0.002 -18"><span class='ocrx_word' id='word_1_72' title='bbox 104 1285 234 1346; x_wconf 71' lang='lat' dir='ltr'><strong>servato</strong></span> <span class='ocrx_word' id='word_1_73' title='bbox 255 1287 425 1362; x_wconf 86' lang='lat' dir='ltr'><strong>enuntiatur,</strong></span> <span class='ocrx_word' id='word_1_74' title='bbox 445 1299 519 1358; x_wconf 81' lang='lat' dir='ltr'><strong>quse</strong></span> <span class='ocrx_word' id='word_1_75' title='bbox 538 1283 616 1342; x_wconf 84' lang='lat' dir='ltr'><strong>hauri</strong></span> <span class='ocrx_word' id='word_1_76' title='bbox 635 1301 735 1358; x_wconf 85' lang='lat' dir='ltr'><strong>parum</strong></span> <span class='ocrx_word' id='word_1_77' title='bbox 756 1287 836 1344; x_wconf 81' lang='lat' dir='ltr'><strong>valet</strong></span> <span class='ocrx_word' id='word_1_78' title='bbox 854 1286 892 1344; x_wconf 81' lang='lat' dir='ltr'><strong>sd</strong></span> <span class='ocrx_word' id='word_1_79' title='bbox 911 1301 976 1344; x_wconf 87' lang='lat' dir='ltr'><strong>rem</strong></span> <span class='ocrx_word' id='word_1_80' title='bbox 993 1286 1179 1364; x_wconf 80' lang='lat' dir='ltr'><strong>probandam,</strong></span> 
     </span>
     <span class='ocr_line' id='line_1_10' title="bbox 105 1385 1179 1464; baseline 0.002 -20"><span class='ocrx_word' id='word_1_81' title='bbox 105 1386 156 1444; x_wconf 88' lang='lat' dir='ltr'><strong>cul</strong></span> <span class='ocrx_word' id='word_1_82' title='bbox 180 1387 346 1460; x_wconf 83' lang='lat' dir='ltr'><strong>probandae</strong></span> <span class='ocrx_word' id='word_1_83' title='bbox 375 1385 450 1446; x_wconf 86' lang='lat' dir='ltr'><strong>haec</strong></span> <span class='ocrx_word' id='word_1_84' title='bbox 476 1389 535 1444; x_wconf 85' lang='lat' dir='ltr'><strong>tota</strong></span> <span class='ocrx_word' id='word_1_85' title='bbox 568 1387 704 1458; x_wconf 87' lang='lat' dir='ltr'><strong>epistolae</strong></span> <span class='ocrx_word' id='word_1_86' title='bbox 735 1387 826 1444; x_wconf 88' lang='lat' dir='ltr'><strong>sectio</strong></span> <span class='ocrx_word' id='word_1_87' title='bbox 858 1387 1013 1460; x_wconf 77' lang='lat' dir='ltr'><strong>praecipue</strong></span> <span class='ocrx_word' id='word_1_88' title='bbox 1038 1388 1179 1464; x_wconf 85' lang='lat' dir='ltr'><strong>inserviit,</strong></span> 
     </span>
    </p>
   </div>
   <div class='ocr_carea' id='block_1_3' title="bbox 103 1485 1252 1884">
    <p class='ocr_par' dir='ltr' id='par_1_3' title="bbox 103 1485 1252 1884">
     <span class='ocr_line' id='line_1_11' title="bbox 104 1485 1178 1566; baseline 0.003 -21"><span class='ocrx_word' id='word_1_89' title='bbox 104 1501 207 1561; x_wconf 74' lang='lat' dir='ltr'><strong>pmum</strong></span> <span class='ocrx_word' id='word_1_90' title='bbox 230 1492 310 1546; x_wconf 88' lang='lat' dir='ltr'><strong>recte</strong></span> <span class='ocrx_word' id='word_1_91' title='bbox 329 1486 509 1562; x_wconf 70' lang='lat' dir='ltr'><strong>parenthesis</strong></span> <span class='ocrx_word' id='word_1_92' title='bbox 528 1485 649 1546; x_wconf 67' lang='lat' dir='ltr'><strong>habetne</strong></span> <span class='ocrx_word' id='word_1_93' title='bbox 669 1487 761 1546; x_wconf 87' lang='lat' dir='ltr'><strong>obiter</strong></span> <span class='ocrx_word' id='word_1_94' title='bbox 780 1487 906 1566; x_wconf 58' lang='lat' dir='ltr'><strong>muru„</strong></span> <span class='ocrx_word' id='word_1_95' title='bbox 935 1487 999 1546; x_wconf 88' lang='lat' dir='ltr'><strong>Alii</strong></span> <span class='ocrx_word' id='word_1_96' title='bbox 1018 1491 1178 1548; x_wconf 70' lang='lat' dir='ltr'><strong>faciliorem</strong></span> 
     </span>
     <span class='ocr_line' id='line_1_12' title="bbox 104 1581 1176 1664; baseline 0.004 -18"><span class='ocrx_word' id='word_1_97' title='bbox 104 1590 228 1662; x_wconf 83' lang='lat' dir='ltr'><strong>probant</strong></span> <span class='ocrx_word' id='word_1_98' title='bbox 259 1590 373 1662; x_wconf 75' lang='lat' dir='ltr'><strong>ellipsin</strong></span> <span class='ocrx_word' id='word_1_99' title='bbox 403 1589 487 1647; x_wconf 87' lang='lat' dir='ltr'><strong>verbi</strong></span> <span class='ocrx_word' id='word_1_100' title='bbox 518 1581 765 1664; x_wconf 75' lang='grc' dir='ltr'><em>ἠναγκάσθη</em></span> <span class='ocrx_word' id='word_1_101' title='bbox 801 1601 838 1646; x_wconf 86' lang='lat' dir='ltr'><strong>ex</strong></span> <span class='ocrx_word' id='word_1_102' title='bbox 864 1603 894 1646; x_wconf 84' lang='lat' dir='ltr'><strong>v.</strong></span> <span class='ocrx_word' id='word_1_103' title='bbox 915 1587 947 1644; x_wconf 84' lang='grc'><strong>3.</strong></span> <span class='ocrx_word' id='word_1_104' title='bbox 974 1591 1006 1647; x_wconf 91' lang='lat' dir='ltr'><strong>ut</strong></span> <span class='ocrx_word' id='word_1_105' title='bbox 1040 1586 1080 1650; x_wconf 73' lang='lat' dir='ltr'><strong>it</strong></span> <span class='ocrx_word' id='word_1_106' title='bbox 1105 1589 1176 1650; x_wconf 70' lang='lat' dir='ltr'><strong>ml·</strong></span> 
     </span>
     <span class='ocr_line' id='line_1_13' title="bbox 103 1689 1177 1763; baseline 0 -16"><span class='ocrx_word' id='word_1_107' title='bbox 103 1689 166 1747; x_wconf 80' lang='lat' dir='ltr'><strong>vlm</strong></span> <span class='ocrx_word' id='word_1_108' title='bbox 186 1689 291 1748; x_wconf 86' lang='lat' dir='ltr'><strong>lrabeat</strong></span> <span class='ocrx_word' id='word_1_109' title='bbox 312 1689 477 1763; x_wconf 75' lang='lat' dir='ltr'><strong>explicandi</strong></span> <span class='ocrx_word' id='word_1_110' title='bbox 497 1694 527 1747; x_wconf 90' lang='lat' dir='ltr'><strong>et</strong></span> <span class='ocrx_word' id='word_1_111' title='bbox 551 1689 715 1746; x_wconf 85' lang='lat' dir='ltr'><strong>accuratius</strong></span> <span class='ocrx_word' id='word_1_112' title='bbox 740 1689 892 1746; x_wconf 79' lang='lat' dir='ltr'><strong>deliniendi</strong></span> <span class='ocrx_word' id='word_1_113' title='bbox 919 1705 993 1762; x_wconf 87' lang='lat' dir='ltr'><strong>quae</strong></span> <span class='ocrx_word' id='word_1_114' title='bbox 1018 1705 1049 1748; x_wconf 83' lang='lat' dir='ltr'><strong>r.</strong></span> <span class='ocrx_word' id='word_1_115' title='bbox 1069 1689 1101 1748; x_wconf 76' lang='lat'><strong>3.</strong></span> <span class='ocrx_word' id='word_1_116' title='bbox 1128 1689 1177 1748; x_wconf 85' lang='lat' dir='ltr'><strong>le-</strong></span> 
     </span>
     <span class='ocr_line' id='line_1_14' title="bbox 104 1789 1252 1884; baseline 0.002 -34"><span class='ocrx_word' id='word_1_117' title='bbox 104 1792 229 1866; x_wconf 74' lang='lat' dir='ltr'><strong>genturr</strong></span> <span class='ocrx_word' id='word_1_118' title='bbox 272 1791 356 1850; x_wconf 68' lang='lat' dir='ltr'><strong>Titus</strong></span> <span class='ocrx_word' id='word_1_119' title='bbox 376 1791 550 1866; x_wconf 86' lang='lat' dir='ltr'><strong>quippeper</strong></span> <span class='ocrx_word' id='word_1_120' title='bbox 570 1789 787 1850; x_wconf 72' lang='lat' dir='ltr'><strong>muceranus</strong></span> <span class='ocrx_word' id='word_1_121' title='bbox 812 1791 1031 1866; x_wconf 65' lang='lat' dir='ltr'><strong>propemodum</strong></span> <span class='ocrx_word' id='word_1_122' title='bbox 1058 1795 1176 1852; x_wconf 77' lang='lat' dir='ltr'><strong>coaetus</strong></span> <span class='ocrx_word' id='word_1_123' title='bbox 1246 1873 1252 1884; x_wconf 32' lang='lat'><strong><em>¹</em></strong></span> 
     </span>
    </p>
   </div>
   <div class='ocr_carea' id='block_1_4' title="bbox 101 1891 1224 4194">
    <p class='ocr_par' dir='ltr' id='par_1_4' title="bbox 101 1891 1224 4194">
     <span class='ocr_line' id='line_1_15' title="bbox 103 1891 1176 1968; baseline 0.002 -18"><span class='ocrx_word' id='word_1_124' title='bbox 103 1891 222 1966; x_wconf 78' lang='lat' dir='ltr'><strong>luisset,</strong></span> <span class='ocrx_word' id='word_1_125' title='bbox 244 1907 269 1950; x_wconf 85' lang='lat' dir='ltr'><strong>s.</strong></span> <span class='ocrx_word' id='word_1_126' title='bbox 290 1907 466 1968; x_wconf 70' lang='lat' dir='ltr'><strong>magnopere</strong></span> <span class='ocrx_word' id='word_1_127' title='bbox 485 1891 653 1950; x_wconf 78' lang='lat' dir='ltr'><strong>sollicitatus</strong></span> <span class='ocrx_word' id='word_1_128' title='bbox 674 1893 727 1967; x_wconf 85' lang='lat' dir='ltr'><strong>est,</strong></span> <span class='ocrx_word' id='word_1_129' title='bbox 746 1894 779 1950; x_wconf 91' lang='lat' dir='ltr'><strong>ut</strong></span> <span class='ocrx_word' id='word_1_130' title='bbox 799 1892 1048 1950; x_wconf 82' lang='lat' dir='ltr'><strong>circumcisionem</strong></span> <span class='ocrx_word' id='word_1_131' title='bbox 1069 1893 1176 1952; x_wconf 83' lang='lat' dir='ltr'><strong>admit-</strong></span> 
     </span>
     <span class='ocr_line' id='line_1_16' title="bbox 101 1991 1177 2078; baseline 0.004 -28"><span class='ocrx_word' id='word_1_132' title='bbox 101 1993 187 2050; x_wconf 84' lang='lat' dir='ltr'><strong>teret.</strong></span> <span class='ocrx_word' id='word_1_133' title='bbox 228 1991 324 2052; x_wconf 72' lang='lat' dir='ltr'><strong>Nimis</strong></span> <span class='ocrx_word' id='word_1_134' title='bbox 344 1994 493 2078; x_wconf 77' lang='lat' dir='ltr'><strong>ambigue,</strong></span> <span class='ocrx_word' id='word_1_135' title='bbox 514 1995 629 2068; x_wconf 89' lang='lat' dir='ltr'><strong>opinor,</strong></span> <span class='ocrx_word' id='word_1_136' title='bbox 652 1992 739 2051; x_wconf 87' lang='lat' dir='ltr'><strong>immo</strong></span> <span class='ocrx_word' id='word_1_137' title='bbox 760 1994 883 2054; x_wconf 78' lang='lat' dir='ltr'><strong>obscure</strong></span> <span class='ocrx_word' id='word_1_138' title='bbox 903 1994 1068 2067; x_wconf 78' lang='lat' dir='ltr'><strong>scripsisset</strong></span> <span class='ocrx_word' id='word_1_139' title='bbox 1086 1995 1177 2067; x_wconf 78' lang='lat' dir='ltr'><strong>Apo·</strong></span> 
     </span>
     <span class='ocr_line' id='line_1_17' title="bbox 102 2087 1176 2172; baseline 0.004 -20"><span class='ocrx_word' id='word_1_140' title='bbox 102 2093 211 2170; x_wconf 82' lang='lat' dir='ltr'><strong>stolus,</strong></span> <span class='ocrx_word' id='word_1_141' title='bbox 237 2093 264 2152; x_wconf 86' lang='lat' dir='ltr'><strong>sl</strong></span> <span class='ocrx_word' id='word_1_142' title='bbox 289 2095 379 2152; x_wconf 79' lang='lat' dir='ltr'><strong>verbo</strong></span> <span class='ocrx_word' id='word_1_143' title='bbox 405 2087 655 2172; x_wconf 73' lang='grc' dir='ltr'><strong>ἀναγκάζεσθαι</strong></span> <span class='ocrx_word' id='word_1_144' title='bbox 679 2109 709 2150; x_wconf 81' lang='lat' dir='ltr'><strong>v.</strong></span> <span class='ocrx_word' id='word_1_145' title='bbox 725 2088 756 2150; x_wconf 74' lang='lat'><strong>4.</strong></span> <span class='ocrx_word' id='word_1_146' title='bbox 782 2097 980 2156; x_wconf 80' lang='lat' dir='ltr'><strong>subintellecto</strong></span> <span class='ocrx_word' id='word_1_147' title='bbox 1007 2099 1176 2167; x_wconf 86' lang='lat' dir='ltr'><strong>potestatem</strong></span> 
     </span>
     <span class='ocr_line' id='line_1_18' title="bbox 101 2194 1176 2272; baseline 0.004 -20"><span class='ocrx_word' id='word_1_148' title='bbox 101 2195 242 2254; x_wconf 67' lang='lat' dir='ltr'><strong>mibnmet</strong></span> <span class='ocrx_word' id='word_1_149' title='bbox 272 2195 308 2254; x_wconf 79' lang='lat' dir='ltr'><strong>sb</strong></span> <span class='ocrx_word' id='word_1_150' title='bbox 339 2209 376 2254; x_wconf 84' lang='lat' dir='ltr'><strong>ea</strong></span> <span class='ocrx_word' id='word_1_151' title='bbox 406 2194 570 2272; x_wconf 70' lang='lat' dir='ltr'><strong>divmmm,</strong></span> <span class='ocrx_word' id='word_1_152' title='bbox 602 2209 659 2270; x_wconf 82' lang='lat' dir='ltr'><strong>qus</strong></span> <span class='ocrx_word' id='word_1_153' title='bbox 695 2210 726 2252; x_wconf 83' lang='lat' dir='ltr'><strong>r.</strong></span> <span class='ocrx_word' id='word_1_154' title='bbox 742 2195 773 2252; x_wconf 85' lang='lat' dir='ltr'><strong>e.</strong></span> <span class='ocrx_word' id='word_1_155' title='bbox 805 2196 963 2255; x_wconf 84' lang='lat' dir='ltr'><strong>dicebatur.</strong></span> <span class='ocrx_word' id='word_1_156' title='bbox 1009 2196 1176 2256; x_wconf 82' lang='lat' dir='ltr'><strong>Maluernnt</strong></span> 
     </span>
     <span class='ocr_line' id='line_1_19' title="bbox 104 2291 1175 2374; baseline 0.002 -20"><span class='ocrx_word' id='word_1_157' title='bbox 104 2294 305 2374; x_wconf 78' lang='lat' dir='ltr'><strong>&#39;l&#39;henphyl</strong></span> <span class='ocrx_word' id='word_1_158' title='bbox 329 2295 515 2356; x_wconf 85' lang='lat' dir='ltr'><strong>Oecnmen.</strong></span> <span class='ocrx_word' id='word_1_159' title='bbox 543 2295 717 2354; x_wconf 69' lang='lat' dir='ltr'><strong>[theodor.</strong></span> <span class='ocrx_word' id='word_1_160' title='bbox 747 2295 812 2373; x_wconf 85' lang='lat' dir='ltr'><strong>(qui</strong></span> <span class='ocrx_word' id='word_1_161' title='bbox 832 2298 964 2356; x_wconf 78' lang='lat' dir='ltr'><strong>vocum</strong></span> <span class='ocrx_word' id='word_1_162' title='bbox 985 2291 1018 2356; x_wconf 77' lang='lat' dir='ltr'><strong>ti</strong></span> <span class='ocrx_word' id='word_1_163' title='bbox 1037 2293 1110 2356; x_wconf 70' lang='lat' dir='ltr'><strong>ul.</strong></span> <span class='ocrx_word' id='word_1_164' title='bbox 1135 2299 1175 2356; x_wconf 82' lang='lat' dir='ltr'><strong>in.</strong></span> 
     </span>
     <span class='ocr_line' id='line_1_20' title="bbox 102 2395 1174 2475; baseline 0 -19"><span class='ocrx_word' id='word_1_165' title='bbox 102 2411 224 2470; x_wconf 81' lang='lat' dir='ltr'><strong>prorsus</strong></span> <span class='ocrx_word' id='word_1_166' title='bbox 243 2398 406 2456; x_wconf 84' lang='lat' dir='ltr'><strong>redundare</strong></span> <span class='ocrx_word' id='word_1_167' title='bbox 431 2398 591 2475; x_wconf 77' lang='lat' dir='ltr'><strong>existimat)</strong></span> <span class='ocrx_word' id='word_1_168' title='bbox 623 2397 733 2456; x_wconf 86' lang='lat' dir='ltr'><strong>initium</strong></span> <span class='ocrx_word' id='word_1_169' title='bbox 759 2413 864 2456; x_wconf 85' lang='lat' dir='ltr'><strong>versus</strong></span> <span class='ocrx_word' id='word_1_170' title='bbox 883 2395 914 2456; x_wconf 81' lang='lat' dir='ltr'><strong>l.</strong></span> <span class='ocrx_word' id='word_1_171' title='bbox 943 2397 983 2456; x_wconf 82' lang='lat' dir='ltr'><strong>ad</strong></span> <span class='ocrx_word' id='word_1_172' title='bbox 1006 2400 1098 2458; x_wconf 82' lang='lat' dir='ltr'><strong>verba</strong></span> <span class='ocrx_word' id='word_1_173' title='bbox 1120 2415 1174 2458; x_wconf 74' lang='lat' dir='ltr'><strong>ra·</strong></span> 
     </span>
     <span class='ocr_line' id='line_1_21' title="bbox 102 2492 1217 2580; baseline 0.004 -24"><span class='ocrx_word' id='word_1_174' title='bbox 102 2499 184 2556; x_wconf 74' lang='lat' dir='ltr'><strong>ferre</strong></span> <span class='ocrx_word' id='word_1_175' title='bbox 203 2515 233 2556; x_wconf 86' lang='lat' dir='ltr'><strong>v.</strong></span> <span class='ocrx_word' id='word_1_176' title='bbox 253 2498 283 2556; x_wconf 73' lang='lat' dir='ltr'><strong>a.</strong></span> <span class='ocrx_word' id='word_1_177' title='bbox 310 2493 401 2560; x_wconf 72' lang='lat' dir='ltr'><strong>criti</strong></span> <span class='ocrx_word' id='word_1_178' title='bbox 426 2492 670 2580; x_wconf 73' lang='grc' dir='ltr'><em>ἠναγκάσθη</em></span> <span class='ocrx_word' id='word_1_179' title='bbox 696 2497 727 2556; x_wconf 68' lang='lat' dir='ltr'><strong>h·</strong></span> <span class='ocrx_word' id='word_1_180' title='bbox 746 2513 771 2556; x_wconf 78' lang='grc' dir='ltr'><strong>Ι.</strong></span> <span class='ocrx_word' id='word_1_181' title='bbox 798 2513 851 2572; x_wconf 84' lang='lat' dir='ltr'><strong>por</strong></span> <span class='ocrx_word' id='word_1_182' title='bbox 870 2501 977 2557; x_wconf 75' lang='lat' dir='ltr'><strong>fratrae</strong></span> <span class='ocrx_word' id='word_1_183' title='bbox 997 2503 1094 2560; x_wconf 80' lang='lat' dir='ltr'><strong>aurem</strong></span> <span class='ocrx_word' id='word_1_184' title='bbox 1113 2501 1175 2560; x_wconf 76' lang='lat' dir='ltr'><strong>frl-</strong></span> <span class='ocrx_word' id='word_1_185' title='bbox 1213 2568 1217 2577; x_wconf 59' lang='lat'><em>„</em></span> 
     </span>
     <span class='ocr_line' id='line_1_22' title="bbox 103 2599 1174 2675; baseline 0 -15"><span class='ocrx_word' id='word_1_186' title='bbox 103 2615 155 2660; x_wconf 87' lang='lat' dir='ltr'><strong>sos</strong></span> <span class='ocrx_word' id='word_1_187' title='bbox 174 2599 328 2674; x_wconf 65' lang='lat' dir='ltr'><strong>irrmtitios</strong></span> <span class='ocrx_word' id='word_1_188' title='bbox 354 2615 410 2658; x_wconf 92' lang='lat' dir='ltr'><strong>nnn</strong></span> <span class='ocrx_word' id='word_1_189' title='bbox 432 2603 550 2658; x_wconf 70' lang='lat' dir='ltr'><strong>coactum</strong></span> <span class='ocrx_word' id='word_1_190' title='bbox 571 2605 615 2662; x_wconf 82' lang='lat' dir='ltr'><strong>eet</strong></span> <span class='ocrx_word' id='word_1_191' title='bbox 635 2599 804 2658; x_wconf 86' lang='lat' dir='ltr'><strong>circumcidi</strong></span> <span class='ocrx_word' id='word_1_192' title='bbox 829 2599 890 2675; x_wconf 83' lang='lat' dir='ltr'><strong>(illi</strong></span> <span class='ocrx_word' id='word_1_193' title='bbox 909 2616 1020 2673; x_wconf 81' lang='lat' dir='ltr'><strong>quoque</strong></span> <span class='ocrx_word' id='word_1_194' title='bbox 1041 2617 1096 2660; x_wconf 91' lang='lat' dir='ltr'><strong>non</strong></span> <span class='ocrx_word' id='word_1_195' title='bbox 1116 2617 1174 2674; x_wconf 89' lang='lat' dir='ltr'><strong>po-</strong></span> 
     </span>
     <span class='ocr_line' id='line_1_23' title="bbox 102 2700 1174 2780; baseline 0.004 -22"><span class='ocrx_word' id='word_1_196' title='bbox 102 2703 220 2758; x_wconf 86' lang='lat' dir='ltr'><strong>tnerunt</strong></span> <span class='ocrx_word' id='word_1_197' title='bbox 242 2700 301 2760; x_wconf 87' lang='lat' dir='ltr'><strong>hoc</strong></span> <span class='ocrx_word' id='word_1_198' title='bbox 327 2703 461 2776; x_wconf 77' lang='lat' dir='ltr'><strong>elicere,</strong></span> <span class='ocrx_word' id='word_1_199' title='bbox 488 2704 521 2758; x_wconf 87' lang='lat' dir='ltr'><strong>nt</strong></span> <span class='ocrx_word' id='word_1_200' title='bbox 547 2701 620 2760; x_wconf 88' lang='lat' dir='ltr'><strong>ritus</strong></span> <span class='ocrx_word' id='word_1_201' title='bbox 644 2701 787 2760; x_wconf 74' lang='lat' dir='ltr'><strong>iudaicus</strong></span> <span class='ocrx_word' id='word_1_202' title='bbox 811 2700 842 2758; x_wconf 90' lang='lat' dir='ltr'><strong>in</strong></span> <span class='ocrx_word' id='word_1_203' title='bbox 869 2701 934 2760; x_wconf 75' lang='lat' dir='ltr'><strong>&#39;l&#39;ito</strong></span> <span class='ocrx_word' id='word_1_204' title='bbox 960 2703 1174 2780; x_wconf 69' lang='lat' dir='ltr'><strong>perageretur).</strong></span> 
     </span>
     <span class='ocr_line' id='line_1_24' title="bbox 103 2801 1176 2878; baseline 0 -16"><span class='ocrx_word' id='word_1_205' title='bbox 103 2801 168 2862; x_wconf 77' lang='lat' dir='ltr'><strong>Sei</strong></span> <span class='ocrx_word' id='word_1_206' title='bbox 186 2803 273 2860; x_wconf 74' lang='lat' dir='ltr'><strong>facile</strong></span> <span class='ocrx_word' id='word_1_207' title='bbox 292 2806 384 2878; x_wconf 83' lang='lat' dir='ltr'><strong>patet,</strong></span> <span class='ocrx_word' id='word_1_208' title='bbox 404 2802 516 2860; x_wconf 86' lang='lat' dir='ltr'><strong>collstis</strong></span> <span class='ocrx_word' id='word_1_209' title='bbox 535 2803 776 2877; x_wconf 84' lang='lat' dir='ltr'><strong>antecedentibus,</strong></span> <span class='ocrx_word' id='word_1_210' title='bbox 797 2817 881 2878; x_wconf 78' lang='lat' dir='ltr'><strong>quem</strong></span> <span class='ocrx_word' id='word_1_211' title='bbox 901 2817 1003 2876; x_wconf 90' lang='lat' dir='ltr'><strong>parum</strong></span> <span class='ocrx_word' id='word_1_212' title='bbox 1023 2803 1176 2876; x_wconf 87' lang='lat' dir='ltr'><strong>perspicue</strong></span> 
     </span>
     <span class='ocr_line' id='line_1_25' title="bbox 103 2896 1175 2974; baseline 0.002 -12"><span class='ocrx_word' id='word_1_213' title='bbox 103 2903 263 2974; x_wconf 74' lang='lat' dir='ltr'><strong>Apostolus</strong></span> <span class='ocrx_word' id='word_1_214' title='bbox 287 2896 345 2964; x_wconf 86' lang='lat' dir='ltr'><strong>lico</strong></span> <span class='ocrx_word' id='word_1_215' title='bbox 369 2902 497 2960; x_wconf 85' lang='lat' dir='ltr'><strong>dicturus</strong></span> <span class='ocrx_word' id='word_1_216' title='bbox 530 2905 750 2963; x_wconf 77' lang='lat' dir='ltr'><strong>enuntiationem</strong></span> <span class='ocrx_word' id='word_1_217' title='bbox 777 2919 881 2962; x_wconf 83' lang='lat' dir='ltr'><strong>novem</strong></span> <span class='ocrx_word' id='word_1_218' title='bbox 907 2903 964 2960; x_wconf 85' lang='lat' dir='ltr'><strong>hac</strong></span> <span class='ocrx_word' id='word_1_219' title='bbox 989 2904 1100 2964; x_wconf 75' lang='lat' dir='ltr'><strong>ratione</strong></span> <span class='ocrx_word' id='word_1_220' title='bbox 1124 2904 1175 2964; x_wconf 91' lang='lat' dir='ltr'><strong>in-</strong></span> 
     </span>
     <span class='ocr_line' id='line_1_26' title="bbox 103 2993 1174 3082; baseline 0.004 -22"><span class='ocrx_word' id='word_1_221' title='bbox 103 3003 254 3062; x_wconf 79' lang='lat' dir='ltr'><strong>ehoessetr</strong></span> <span class='ocrx_word' id='word_1_222' title='bbox 295 2997 364 3066; x_wconf 80' lang='lat' dir='ltr'><strong>Arci</strong></span> <span class='ocrx_word' id='word_1_223' title='bbox 389 2998 421 3063; x_wconf 76' lang='lat' dir='ltr'><strong>ii</strong></span> <span class='ocrx_word' id='word_1_224' title='bbox 448 2995 525 3068; x_wconf 75' lang='lat' dir='ltr'><strong>roric</strong></span> <span class='ocrx_word' id='word_1_225' title='bbox 545 2993 781 3082; x_wconf 74' lang='grc' dir='ltr'><strong>παρεισάκτους</strong></span> <span class='ocrx_word' id='word_1_226' title='bbox 802 3007 857 3062; x_wconf 88' lang='lat' dir='ltr'><strong>etc.</strong></span> <span class='ocrx_word' id='word_1_227' title='bbox 907 3003 1097 3064; x_wconf 80' lang='lat' dir='ltr'><strong>scribendum</strong></span> <span class='ocrx_word' id='word_1_228' title='bbox 1115 3021 1174 3079; x_wconf 84' lang='lat' dir='ltr'><strong>po-</strong></span> 
     </span>
     <span class='ocr_line' id='line_1_27' title="bbox 101 3092 1195 3180; baseline 0.002 -16"><span class='ocrx_word' id='word_1_229' title='bbox 101 3106 160 3164; x_wconf 83' lang='lat' dir='ltr'><strong>tius</strong></span> <span class='ocrx_word' id='word_1_230' title='bbox 185 3108 300 3164; x_wconf 77' lang='lat' dir='ltr'><strong>fueret:</strong></span> <span class='ocrx_word' id='word_1_231' title='bbox 342 3106 425 3164; x_wconf 74' lang='lat' dir='ltr'><strong>&#39;lions</strong></span> <span class='ocrx_word' id='word_1_232' title='bbox 452 3118 550 3164; x_wconf 81' lang='lat' dir='ltr'><strong>comes</strong></span> <span class='ocrx_word' id='word_1_233' title='bbox 573 3121 656 3164; x_wconf 82' lang='lat' dir='ltr'><strong>meus</strong></span> <span class='ocrx_word' id='word_1_234' title='bbox 687 3121 744 3164; x_wconf 87' lang='lat' dir='ltr'><strong>neo</strong></span> <span class='ocrx_word' id='word_1_235' title='bbox 773 3121 826 3178; x_wconf 87' lang='lat' dir='ltr'><strong>per</strong></span> <span class='ocrx_word' id='word_1_236' title='bbox 856 3103 1001 3180; x_wconf 82' lang='lat' dir='ltr'><strong>apostoles</strong></span> <span class='ocrx_word' id='word_1_237' title='bbox 1031 3121 1088 3168; x_wconf 89' lang='lat' dir='ltr'><strong>nec</strong></span> <span class='ocrx_word' id='word_1_238' title='bbox 1120 3092 1195 3179; x_wconf 81' lang='lat' dir='ltr'><strong>per&#39;</strong></span> 
     </span>
     <span class='ocr_line' id='line_1_28' title="bbox 102 3203 1174 3280; baseline 0 -14"><span class='ocrx_word' id='word_1_239' title='bbox 102 3208 213 3266; x_wconf 77' lang='lat' dir='ltr'><strong>rness</strong></span> <span class='ocrx_word' id='word_1_240' title='bbox 232 3207 386 3280; x_wconf 87' lang='lat' dir='ltr'><strong>irreptitios</strong></span> <span class='ocrx_word' id='word_1_241' title='bbox 406 3203 572 3264; x_wconf 74' lang='lat' dir='ltr'><strong>circmcirli</strong></span> <span class='ocrx_word' id='word_1_242' title='bbox 600 3209 717 3271; x_wconf 80' lang='lat' dir='ltr'><strong>coaetus</strong></span> <span class='ocrx_word' id='word_1_243' title='bbox 739 3208 792 3264; x_wconf 80' lang='lat' dir='ltr'><strong>est</strong></span> <span class='ocrx_word' id='word_1_244' title='bbox 840 3205 1052 3268; x_wconf 80' lang='lat' dir='ltr'><strong>Arracotutlron</strong></span> <span class='ocrx_word' id='word_1_245' title='bbox 1077 3207 1174 3266; x_wconf 83' lang='lat' dir='ltr'><strong>verbis</strong></span> 
     </span>
     <span class='ocr_line' id='line_1_29' title="bbox 107 3301 1175 3382; baseline -0.002 -14"><span class='ocrx_word' id='word_1_246' title='bbox 107 3301 157 3374; x_wconf 73' lang='lat' dir='ltr'><strong>cic</strong></span> <span class='ocrx_word' id='word_1_247' title='bbox 186 3301 258 3368; x_wconf 74' lang='lat' dir='ltr'><strong>otor</strong></span> <span class='ocrx_word' id='word_1_248' title='bbox 284 3312 339 3366; x_wconf 90' lang='lat' dir='ltr'><strong>etc.</strong></span> <span class='ocrx_word' id='word_1_249' title='bbox 366 3307 464 3366; x_wconf 86' lang='lat' dir='ltr'><strong>inesse</strong></span> <span class='ocrx_word' id='word_1_250' title='bbox 490 3306 602 3366; x_wconf 87' lang='lat' dir='ltr'><strong>censuit</strong></span> <span class='ocrx_word' id='word_1_251' title='bbox 625 3306 754 3364; x_wconf 87' lang='lat' dir='ltr'><strong>Winer</strong></span> <span class='ocrx_word' id='word_1_252' title='bbox 781 3305 819 3364; x_wconf 79' lang='lat' dir='ltr'><strong>od</strong></span> <span class='ocrx_word' id='word_1_253' title='bbox 847 3304 915 3364; x_wconf 79' lang='lat' dir='ltr'><strong>lul</strong></span> <span class='ocrx_word' id='word_1_254' title='bbox 944 3305 1019 3382; x_wconf 78' lang='lat' dir='ltr'><strong>(cfr.</strong></span> <span class='ocrx_word' id='word_1_255' title='bbox 1047 3308 1175 3372; x_wconf 76' lang='lat' dir='ltr'><strong>ciusdem</strong></span> 
     </span>
     <span class='ocr_line' id='line_1_30' title="bbox 107 3404 1174 3483; baseline -0.002 -13"><span class='ocrx_word' id='word_1_256' title='bbox 107 3409 298 3470; x_wconf 65' lang='lat' dir='ltr'><strong>armentu</strong></span> <span class='ocrx_word' id='word_1_257' title='bbox 318 3415 372 3470; x_wconf 84' lang='lat' dir='ltr'><strong>etc.</strong></span> <span class='ocrx_word' id='word_1_258' title='bbox 392 3412 439 3468; x_wconf 84' lang='lat' dir='ltr'><strong>erl.</strong></span> <span class='ocrx_word' id='word_1_259' title='bbox 455 3411 522 3468; x_wconf 87' lang='grc' dir='ltr'><strong>ΙΙΙ.</strong></span> <span class='ocrx_word' id='word_1_260' title='bbox 542 3425 574 3483; x_wconf 82' lang='lat' dir='ltr'><strong>p.</strong></span> <span class='ocrx_word' id='word_1_261' title='bbox 587 3407 673 3466; x_wconf 82' lang='lat'><strong><em>441.</em></strong></span> <span class='ocrx_word' id='word_1_262' title='bbox 692 3404 778 3481; x_wconf 77' lang='lat' dir='ltr'><strong>app.)</strong></span> <span class='ocrx_word' id='word_1_263' title='bbox 805 3419 860 3478; x_wconf 88' lang='lat' dir='ltr'><strong>quo</strong></span> <span class='ocrx_word' id='word_1_264' title='bbox 887 3406 1011 3478; x_wconf 84' lang='lat' dir='ltr'><strong>scriptor</strong></span> <span class='ocrx_word' id='word_1_265' title='bbox 1031 3407 1104 3466; x_wconf 83' lang='lat' dir='ltr'><strong>duas</strong></span> <span class='ocrx_word' id='word_1_266' title='bbox 1124 3409 1174 3468; x_wconf 83' lang='lat' dir='ltr'><strong>di-</strong></span> 
     </span>
     <span class='ocr_line' id='line_1_31' title="bbox 104 3495 1176 3581; baseline 0.002 -15"><span class='ocrx_word' id='word_1_267' title='bbox 104 3523 209 3568; x_wconf 79' lang='lat' dir='ltr'><strong>versas</strong></span> <span class='ocrx_word' id='word_1_268' title='bbox 228 3509 382 3568; x_wconf 87' lang='lat' dir='ltr'><strong>verborum</strong></span> <span class='ocrx_word' id='word_1_269' title='bbox 403 3495 629 3568; x_wconf 82' lang='lat' dir='ltr'><strong>constructiones</strong></span> <span class='ocrx_word' id='word_1_270' title='bbox 650 3506 874 3581; x_wconf 85' lang='lat' dir='ltr'><strong>commiscuerit,</strong></span> <span class='ocrx_word' id='word_1_271' title='bbox 898 3507 1032 3566; x_wconf 77' lang='lat' dir='ltr'><strong>alteram:</strong></span> <span class='ocrx_word' id='word_1_272' title='bbox 1059 3515 1176 3581; x_wconf 90' lang='lat' dir='ltr'><strong>propter</strong></span> 
     </span>
     <span class='ocr_line' id='line_1_32' title="bbox 106 3607 1180 3686; baseline 0.003 -18"><span class='ocrx_word' id='word_1_273' title='bbox 106 3612 214 3668; x_wconf 73' lang='lat' dir='ltr'><strong>stenes</strong></span> <span class='ocrx_word' id='word_1_274' title='bbox 239 3610 330 3669; x_wconf 63' lang='lat' dir='ltr'><strong>lusos</strong></span> <span class='ocrx_word' id='word_1_275' title='bbox 349 3609 506 3684; x_wconf 85' lang='lat' dir='ltr'><strong>irreptitios</strong></span> <span class='ocrx_word' id='word_1_276' title='bbox 527 3608 611 3668; x_wconf 72' lang='lat' dir='ltr'><strong>litus</strong></span> <span class='ocrx_word' id='word_1_277' title='bbox 630 3623 688 3666; x_wconf 90' lang='lat' dir='ltr'><strong>non</strong></span> <span class='ocrx_word' id='word_1_278' title='bbox 708 3611 824 3666; x_wconf 71' lang='lat' dir='ltr'><strong>mactus</strong></span> <span class='ocrx_word' id='word_1_279' title='bbox 851 3611 896 3666; x_wconf 81' lang='lat' dir='ltr'><strong>est</strong></span> <span class='ocrx_word' id='word_1_280' title='bbox 916 3607 1081 3668; x_wconf 71' lang='lat' dir='ltr'><strong>cucumelli</strong></span> <span class='ocrx_word' id='word_1_281' title='bbox 1102 3609 1180 3686; x_wconf 78' lang='lat' dir='ltr'><strong>(nou,</strong></span> 
     </span>
     <span class='ocr_line' id='line_1_33' title="bbox 103 3709 1178 3787; baseline 0 -19"><span class='ocrx_word' id='word_1_282' title='bbox 103 3712 239 3787; x_wconf 86' lang='lat' dir='ltr'><strong>permisi,</strong></span> <span class='ocrx_word' id='word_1_283' title='bbox 257 3716 289 3770; x_wconf 86' lang='lat' dir='ltr'><strong>ut</strong></span> <span class='ocrx_word' id='word_1_284' title='bbox 307 3711 422 3768; x_wconf 90' lang='lat' dir='ltr'><strong>iliorum</strong></span> <span class='ocrx_word' id='word_1_285' title='bbox 443 3727 533 3768; x_wconf 85' lang='lat' dir='ltr'><strong>causa</strong></span> <span class='ocrx_word' id='word_1_286' title='bbox 552 3710 602 3768; x_wconf 89' lang='lat' dir='ltr'><strong>hio</strong></span> <span class='ocrx_word' id='word_1_287' title='bbox 622 3711 694 3768; x_wconf 88' lang='lat' dir='ltr'><strong>ritus</strong></span> <span class='ocrx_word' id='word_1_288' title='bbox 714 3709 938 3786; x_wconf 69' lang='lat' dir='ltr'><strong>perageretur),</strong></span> <span class='ocrx_word' id='word_1_289' title='bbox 959 3709 1093 3768; x_wconf 76' lang='lat' dir='ltr'><strong>alteram:</strong></span> <span class='ocrx_word' id='word_1_290' title='bbox 1113 3714 1178 3770; x_wconf 80' lang='lat' dir='ltr'><strong>rre-</strong></span> 
     </span>
     <span class='ocr_line' id='line_1_34' title="bbox 102 3809 1176 3882; baseline -0.001 -10"><span class='ocrx_word' id='word_1_291' title='bbox 102 3813 196 3872; x_wconf 83' lang='lat' dir='ltr'><strong>trihus</strong></span> <span class='ocrx_word' id='word_1_292' title='bbox 217 3812 299 3870; x_wconf 87' lang='lat' dir='ltr'><strong>lalsis</strong></span> <span class='ocrx_word' id='word_1_293' title='bbox 317 3811 375 3870; x_wconf 88' lang='lat' dir='ltr'><strong>hac</strong></span> <span class='ocrx_word' id='word_1_294' title='bbox 394 3811 425 3871; x_wconf 92' lang='lat' dir='ltr'><strong>in</strong></span> <span class='ocrx_word' id='word_1_295' title='bbox 449 3827 483 3870; x_wconf 87' lang='lat' dir='ltr'><strong>rc</strong></span> <span class='ocrx_word' id='word_1_296' title='bbox 504 3811 581 3870; x_wconf 89' lang='lat' dir='ltr'><strong>nullo</strong></span> <span class='ocrx_word' id='word_1_297' title='bbox 602 3811 686 3870; x_wconf 82' lang='lat' dir='ltr'><strong>morlo</strong></span> <span class='ocrx_word' id='word_1_298' title='bbox 707 3809 866 3871; x_wconf 84' lang='lat' dir='ltr'><strong>cedendum</strong></span> <span class='ocrx_word' id='word_1_299' title='bbox 884 3810 994 3882; x_wconf 78' lang='lat' dir='ltr'><strong>nnuvn</strong></span> <span class='ocrx_word' id='word_1_300' title='bbox 1038 3813 1176 3872; x_wconf 80' lang='lat' dir='ltr'><strong>Similiter</strong></span> 
     </span>
     <span class='ocr_line' id='line_1_35' title="bbox 102 3911 1176 3986; baseline 0.001 -15"><span class='ocrx_word' id='word_1_301' title='bbox 102 3912 185 3972; x_wconf 79' lang='lat' dir='ltr'><strong>Frid.</strong></span> <span class='ocrx_word' id='word_1_302' title='bbox 205 3912 323 3971; x_wconf 82' lang='lat' dir='ltr'><strong>ltinck</strong></span> <span class='ocrx_word' id='word_1_303' title='bbox 349 3914 379 3970; x_wconf 94' lang='lat' dir='ltr'><strong>in</strong></span> <span class='ocrx_word' id='word_1_304' title='bbox 400 3911 419 3970; x_wconf 91' lang='grc'><strong>1.</strong></span> <span class='ocrx_word' id='word_1_305' title='bbox 441 3914 609 3972; x_wconf 54' lang='lat' dir='ltr'><strong>&amp;cumano</strong></span> <span class='ocrx_word' id='word_1_306' title='bbox 630 3913 734 3970; x_wconf 77' lang='lat' dir='ltr'><strong>milico</strong></span> <span class='ocrx_word' id='word_1_307' title='bbox 760 3914 794 3970; x_wconf 84' lang='lat' dir='ltr'><strong>in</strong></span> <span class='ocrx_word' id='word_1_308' title='bbox 820 3911 900 3971; x_wconf 84' lang='lat' dir='ltr'><strong>Aeta</strong></span> <span class='ocrx_word' id='word_1_309' title='bbox 925 3911 1006 3985; x_wconf 76' lang='lat' dir='ltr'><strong>App.</strong></span> <span class='ocrx_word' id='word_1_310' title='bbox 1036 3915 1176 3986; x_wconf 66' lang='lat' dir='ltr'><strong>episima</strong></span> 
     </span>
     <span class='ocr_line' id='line_1_36' title="bbox 102 4007 1224 4089; baseline 0 -14"><span class='ocrx_word' id='word_1_311' title='bbox 102 4014 212 4076; x_wconf 65' lang='lat' dir='ltr'><strong>calioi-</strong></span> <span class='ocrx_word' id='word_1_312' title='bbox 234 4019 262 4073; x_wconf 87' lang='lat' dir='ltr'><strong>et</strong></span> <span class='ocrx_word' id='word_1_313' title='bbox 282 4010 796 4088; x_wconf 72' lang='lat' dir='ltr'><strong>Paur.nsst1cee,1sao.p.1r1.=</strong></span> <span class='ocrx_word' id='word_1_314' title='bbox 817 4011 934 4089; x_wconf 67' lang='lat' dir='ltr'><strong>‚incipit</strong></span> <span class='ocrx_word' id='word_1_315' title='bbox 954 4011 1043 4070; x_wconf 83' lang='lat' dir='ltr'><strong>oratio</strong></span> <span class='ocrx_word' id='word_1_316' title='bbox 1065 4007 1119 4074; x_wconf 76' lang='lat' dir='ltr'><strong>inci</strong></span> <span class='ocrx_word' id='word_1_317' title='bbox 1143 4010 1176 4074; x_wconf 75' lang='lat' dir='ltr'><strong>ot</strong></span> <span class='ocrx_word' id='word_1_318' title='bbox 1221 4025 1224 4034; x_wconf 87' lang='grc'><strong>’</strong></span> 
     </span>
     <span class='ocr_line' id='line_1_37' title="bbox 106 4108 1177 4194; baseline -0.001 -19"><span class='ocrx_word' id='word_1_319' title='bbox 106 4108 187 4180; x_wconf 77' lang='lat' dir='ltr'><strong>roris</strong></span> <span class='ocrx_word' id='word_1_320' title='bbox 209 4109 445 4192; x_wconf 74' lang='grc' dir='ltr'><strong>παρεισάκτους</strong></span> <span class='ocrx_word' id='word_1_321' title='bbox 458 4109 589 4194; x_wconf 71' lang='lat' dir='ltr'><strong>pretet.</strong></span> <span class='ocrx_word' id='word_1_322' title='bbox 605 4113 633 4170; x_wconf 92' lang='lat' dir='ltr'><strong>et</strong></span> <span class='ocrx_word' id='word_1_323' title='bbox 654 4113 737 4170; x_wconf 86' lang='lat' dir='ltr'><strong>solita</strong></span> <span class='ocrx_word' id='word_1_324' title='bbox 757 4114 964 4172; x_wconf 87' lang='lat' dir='ltr'><strong>constructione</strong></span> <span class='ocrx_word' id='word_1_325' title='bbox 984 4113 1065 4187; x_wconf 85' lang='lat' dir='ltr'><strong>sequi</strong></span> <span class='ocrx_word' id='word_1_326' title='bbox 1086 4131 1177 4189; x_wconf 92' lang='lat' dir='ltr'><strong>opor-</strong></span> 
     </span>
    </p>
   </div>
   <div class='ocr_carea' id='block_1_5' title="bbox 1 4209 1177 4304">
    <p class='ocr_par' dir='ltr' id='par_1_5' title="bbox 1 4209 1177 4304">
     <span class='ocr_line' id='line_1_38' title="bbox 1 4209 1177 4304; baseline 0.002 -28"><span class='ocrx_word' id='word_1_327' title='bbox 1 4275 3 4304; x_wconf 55' lang='grc' dir='ltr'>Ι</span> <span class='ocrx_word' id='word_1_328' title='bbox 104 4221 180 4278; x_wconf 88' lang='lat' dir='ltr'><strong>teret</strong></span> <span class='ocrx_word' id='word_1_329' title='bbox 200 4209 262 4278; x_wconf 75' lang='lat' dir='ltr'><strong>cin</strong></span> <span class='ocrx_word' id='word_1_330' title='bbox 284 4209 429 4300; x_wconf 70' lang='grc' dir='ltr'><strong>εἴξαμεν,</strong></span> <span class='ocrx_word' id='word_1_331' title='bbox 456 4213 509 4278; x_wconf 79' lang='lat' dir='ltr'><strong>scd</strong></span> <span class='ocrx_word' id='word_1_332' title='bbox 529 4213 661 4292; x_wconf 74' lang='lat' dir='ltr'><strong>longiore</strong></span> <span class='ocrx_word' id='word_1_333' title='bbox 685 4213 846 4290; x_wconf 80' lang='lat' dir='ltr'><strong>parenthesi</strong></span> <span class='ocrx_word' id='word_1_334' title='bbox 870 4212 1036 4286; x_wconf 81' lang='lat' dir='ltr'><strong>interpositu</strong></span> <span class='ocrx_word' id='word_1_335' title='bbox 1067 4232 1177 4292; x_wconf 85' lang='lat' dir='ltr'><strong>prono-</strong></span> 
     </span>
    </p>
   </div>
   <div class='ocr_carea' id='block_1_6' title="bbox 921 4291 977 4362">
    <p class='ocr_par' dir='ltr' id='par_1_6' title="bbox 921 4291 977 4362">
     <span class='ocr_line' id='line_1_39' title="bbox 921 4291 977 4362; baseline -0.018 0"><span class='ocrx_word' id='word_1_336' title='bbox 921 4291 977 4362; x_wconf 68' lang='lat'><strong>24</strong></span> 
     </span>
    </p>
   </div>
   <div class='ocr_carea' id='block_1_7' title="bbox 0 0 1346 4830">
    <p class='ocr_par' dir='ltr' id='par_1_7' title="bbox 0 0 1346 4830">
     <span class='ocr_line' id='line_1_40' title="bbox 0 0 1346 4830; baseline 0 1"><span class='ocrx_word' id='word_1_337' title='bbox 0 0 1346 4830; x_wconf 95' lang='lat' dir='ltr'><strong> </strong></span> 
     </span>
    </p>
   </div>
  </div>
 </body>
</html>
