2740 4828
50 460 58 472 .
174 375 228 447 dd
326 379 435 468 Epist.
458 378 485 446 l.
508 381 551 445 ati
573 375 746 445 Thessali.
775 376 812 444 O.
834 375 879 444 ll.
908 375 952 446 V.
975 371 1095 444 ῦ-Θ.
1176 423 1184 432 .

173 555 406 628 quemadmodum
417 552 448 612 in
466 552 593 610 membro
611 551 701 626 priori
722 547 856 610 Genltivo
877 550 1045 618 κολακείας
1067 564 1156 610 eausa
1175 567 1243 610 aer-

176 641 268 714 monis
288 653 411 738 (λόγου)
439 655 615 713 innuebatur.
663 654 792 710 'fortium
820 653 899 710 addit
918 651 1076 724 Apostolus
1102 669 1131 712 v.
1153 654 1183 710 6.
1211 671 1244 711 se

175 759 348 830 eomiteaque
381 771 449 814 suos
484 771 624 829 nunquam
656 755 780 830 ,gloriam
814 753 851 810 ab
885 752 1046 810 homilibus
1080 756 1245 830 expetiisse,

115 917 121 922 ,
172 858 327 934 evangelio
352 857 544 930 praedicando
571 859 601 914 et
627 857 794 914 auotoritate
820 852 946 914 muneris
977 855 1127 925 apostolici
1138 829 1246 915 isur-

175 959 284 1030 panda:
306 953 398 1021 οὔτε
421 953 649 1031 ζητοῦντες
671 955 832 1036 (tyernum)
855 958 909 1012 eto·
951 955 1180 1028 Praepositiones
1202 960 1243 1016 ix

175 1063 204 1118 et
229 1050 311 1118 α’πὸ
323 1102 332 1134 ,
363 1077 434 1134 quas
460 1061 551 1135 vulgo
576 1059 606 1116 n.
633 1060 652 1117 l.
678 1073 852 1130 synonymae
879 1057 1055 1135 habuerunt,
1081 1059 1246 1116 aeonratior

174 1161 412 1233 praepositionum
434 1175 604 1236 graeearnm
626 1161 756 1218 doctrina
774 1161 815 1216 ita
835 1159 974 1233 distingui
993 1161 1086 1233 iubet,
1113 1163 1145 1215 ut
1173 1153 1243 1217 aino

174 1263 279 1336 ubique
305 1262 343 1319 ad
363 1261 504 1338 originem
524 1263 676 1320 mediatam
691 1278 720 1324 s.
741 1276 857 1316 eausam
878 1261 1048 1334 seeundum,
1077 1276 1105 1317 v.
1128 1275 1154 1317 e.
1182 1276 1244 1317 rem

174 1367 223 1422 aut
249 1377 416 1440 personam,
442 1379 516 1436 quae
536 1365 618 1420 effato
640 1363 753 1419 auidam
774 1365 823 1418 aut
842 1363 920 1418 laeto
941 1365 1126 1419 occasionem
1150 1362 1244 1418 dede-
1355 1415 1356 1422 ,

173 1464 220 1540 rit,
232 1465 291 1522 ‘aed
312 1469 352 1524 lu
372 1465 480 1536 pariter
501 1467 585 1538 atqua
605 1457 714 1541 παρά
730 1463 768 1519 ad
788 1462 929 1538 originem
949 1463 1137 1520 immediatam
1150 1461 1245 1538 (oau-
1355 1461 1356 1534 ζ

174 1576 237 1624 sam
255 1567 393 1642 primam]
414 1566 568 1639 pertineat,
593 1566 642 1622 vd.
663 1568 845 1626 liermann
866 1565 903 1620 ad
926 1563 1077 1635 Sophoelis
1097 1564 1244 1622 llleotram

175 1683 204 1725 v.
224 1663 274 1724 tto.
315 1669 388 1726 llav.
410 1668 550 1723 schulz
573 1667 621 1724 die
641 1665 749 1722 christi.
770 1664 867 1721 Lehre
887 1681 954 1722 vom
973 1665 1040 1724 heil.
1062 1665 1243 1722 Abendmanl
1355 1727 1356 1736 γ

176 1767 331 1844 (Leipzig,
346 1766 456 1842 isal.)
477 1781 506 1839 p.
523 1765 594 1822 elo.
611 1783 673 1842 sqq.
720 1767 805 1824 Lioet
825 1767 939 1825 omnino
958 1766 1035 1823 hano
1061 1767 1244 1824 observatio-

173 1885 240 1926 nem
260 1869 298 1925 ad
317 1869 411 1926 looum
431 1873 557 1924 nostrum
579 1869 779 1939 explicandum
799 1868 843 1924 sie
863 1871 1036 1926 transferre:
1063 1883 1121 1925 non
1149 1883 1243 1940 expe-

173 1967 206 2028 tii
229 1971 361 2044 laudem,
387 1985 461 2044 quae
487 1985 525 2027 ex
552 1985 614 2026 ore·
630 1969 791 2044 hominum,
816 1970 929 2026 labores
956 1955 1050 2043 meos,
1078 1969 1245 2040 doctrinam,

173 2071 377 2143 diseipulonnn
403 2071 608 2128 multitudinem
634 2070 832 2128 admirantium
860 2073 888 2126 et
913 2069 1135 2141 praedioantium
1164 2071 1243 2144 (inn-

173 2173 314 2250 madiate]
336 2171 406 2230 mihi
427 2174 608 2246 contingeret
628 2172 666 2248 (i.
686 2186 713 2244 q.
742 2167 834 2248 napo?
855 2165 1049 2246 ἀνθρώπων,
1075 2173 1125 2232 Jo.
1148 2187 1193 2230 eo.
1207 2175 1242 2248 ὅ,

174 2276 234 2334 41.
248 2272 348 2351 443,
368 2275 433 2330 sive
453 2275 551 2350 vobis,
578 2291 631 2332 aeu
652 2274 717 2330 aliis
737 2275 880 2345 coetibus,
907 2287 979 2345 quos
1000 2273 1128 2330 doetrina
1147 2289 1243 2332 eveu-

174 2375 271 2452 geliea
289 2377 468 2450 introissem,
495 2374 563 2430 huie
582 2373 661 2431 laudi
687 2378 726 2430 et·
742 2373 919 2432 admirationi
946 2374 1124 2432 oooasionem
1151 2389 1243 2446 prae-

173 2477 313 2536 bentibus.
359 2475 512 2548 Nunquam
537 2477 585 2532 vel
617 2475 700 2534 vobis
726 2475 774 2532 vel
800 2475 865 2532 aliis
898 2476 936 2532 ad
967 2490 1051 2532 saera
1078 2475 1243 2534 Christiana

174 2576 376 2635 oonvemendls
397 2576 453 2633 hoo
474 2574 540 2650 egi,
565 2578 598 2632 ut
616 2577 773 2648 Apostolus
792 2577 915 2652 insignis
957 2579 1107 2634 multorum
1133 2578 1244 2652 doctor,

173 2679 261 2754 louge
280 2678 391 2750 lateque
411 2678 603 2749 praedicaret.
645 2678 831 2735 Postuerta
857 2670 912 2739 ἐπ’
932 2669 1037 2738 ἄλλων
1063 2678 1149 2736 nolim
1175 2693 1242 2736 oum

174 2778 303 2851 pluribus
329 2777 461 2851 interprr.
496 2777 581 2848 plene
611 2777 836 2853 interpungere,
865 2778 914 2851 qui
942 2761 1032 2836 veiha
1057 2795 1134 2852 seqq.
1161 2797 1189 2836 v.
1212 2779 1242 2836 ⁷.

176 2869 404 2958 δυνάμενοι
425 2909 465 2924 -
487 2872 726 2940 ἀπόστολοι
758 2880 973 2956 (subintellecto
1001 2882 1048 2937 vb.
1077 2869 1157 2960 ήμεν
1176 2885 1244 2953 post

175 2977 365 3060 δυνάμενον)
392 2983 430 3038 ad
457 2981 655 3038 enuntiationis
690 2993 783 3040 novae
815 2981 942 3052 protasio
983 2985 1124 3058 referunt,
1158 2983 1242 3040 ouius

175 3083 309 3156 epodosis
335 3083 438 3140 deinde
465 3085 626 3156 proteratur
646 3072 713 3141 ἀλλ’
737 3078 930 3162 ἐγενήθημεν
951 3087 1006 3140 eto.
1052 3085 1173 3156 Absque
1192 3085 1242 3142 el-

173 3185 240 3257 lipsl
273 3184 446 3242 oonsmuotio
479 3185 631 3241 verborum
663 3189 783 3256 apparet
809 3183 935 3256 t'aoilis,·
955 3199 1040 3256 quum
1067 3180 1240 3263 δυνάμενοι

174 3287 361 3363 grammatica
392 3301 430 3344 ex
462 3286 614 3359 partieipio
648 3281 810 3357 ζητοῦντες
843 3285 1007 3364 (trienni.)
1037 3287 1179 3361 pendeat,
1212 3289 1243 3344 et

175 3391 264 3446 verba
297 3378 361 3446 ἀλλ’
397 3381 588 3465 ἐγενήθημεν
611 3374 707 3462 ἤπιοι
732 3390 786 3443 eto.
821 3388 891 3444 satis
918 3389 1081 3460 eommode,
1106 3392 1240 3460 umqum

174 3487 334 3561 oppositum
353 3490 423 3547 illis:
446 3478 516 3548 οὔτε
538 3488 697 3560 ζητοῦντες
710 3517 751 3532 -
769 3483 873 3547 ἄλλων
893 3488 1021 3563 (rationo
1040 3490 1124 3546 simul
1142 3488 1251 3558 habim
1305 3555 1309 3568 Ι

174 3593 327 3649 verborum
345 3591 533 3648 insertorume
561 3583 732 3668 δυνάμενοι
745 3566 794 3651 .”-
817 3579 1012 3666 dalmtun)
1041 3592 1239 3662 respondeant.

173 3693 242 3764 ipsa
261 3691 335 3748 liaeo
354 3691 548 3766 parenthesis,
573 3707 731 3766 quanquam
756 3691 887 3766 brevior,
912 3693 997 3766 t'eeit,
1023 3695 1055 3748 ut
1081 3707 1119 3748 ex
1145 3707 1239 3762 supe-

74 3851 78 3861 ,
174 3793 296 3856 nonnas
317 3797 491 3874 repeteretur
512 3786 712 3870 ἐγενήθημεν.
760 3793 860 3848 Verba
886 3793 993 3849 inserta
1023 3791 1129 3866 duplici
1153 3793 1240 3850 modo
1355 3813 1356 3822 ¹

174 3894 361 3970 explicantur,
380 3896 441 3960 ael
459 3909 523 3950 oum
539 3894 775 3969 Theodoreto,
794 3895 1086 3970 llaumgartealo,
1111 3895 1239 3968 Bolia-

115 4001 118 4010 “
173 3995 246 4071 nio,
276 3996 454 4070 Kranaia,
481 3994 640 4069 Koppio‚
673 3995 824 4069 Flauio,
852 3995 931 4051 aliiue
959 3999 1014 4054 atat
1045 3999 1126 4056 vodis
1152 3999 1240 4054 omem

173 4112 238 4156 aare
257 4094 428 4175 [molestiae
449 4094 620 4172 foeeeaere)
643 4099 860 4174 potuiaaenma,
887 4095 1053 4176 utineam,
1079 4098 1239 4170 stipendiis,

174 4196 300 4257 donariis
319 4214 339 4255 a
359 4202 443 4257 ooetu
462 4201 560 4257 vestro
579 4199 779 4277 nempiendia,
808 4202 842 4258 ἐν
859 4193 954 4280 βάρει
973 4191 1054 4259 εἶναι
1084 4199 1104 4256 l.
1123 4215 1151 4272 q.
1171 4201 1240 4280 βα-
