<?xml version="1.0" encoding="UTF-8"?>
<!DOCTYPE html PUBLIC "-//W3C//DTD XHTML 1.0 Transitional//EN"
    "http://www.w3.org/TR/xhtml1/DTD/xhtml1-transitional.dtd">
<html xmlns="http://www.w3.org/1999/xhtml" xml:lang="en" lang="en">
 <head>
  <title>
</title>
<meta http-equiv="Content-Type" content="text/html;charset=utf-8" />
  <meta name='ocr-system' content='tesseract 3.04.00' />
  <meta name='ocr-capabilities' content='ocr_page ocr_carea ocr_par ocr_line ocrx_word'/>
</head>
<body>
  <div class='ocr_page' id='page_1' title='image "./epistolaepaulia01schogoog_0356.png"; bbox 0 0 2744 4824; ppageno 0'>
   <div class='ocr_carea' id='block_1_1' title="bbox 308 355 1201 447">
    <p class='ocr_par' dir='ltr' id='par_1_1' title="bbox 308 355 1201 447">
     <span class='ocr_line' id='line_1_1' title="bbox 308 355 1201 447; baseline -0.002 -19"><span class='ocrx_word' id='word_1_1' title='bbox 308 355 464 447; x_wconf 79' lang='lat' dir='ltr'><strong>Epistola</strong></span> <span class='ocrx_word' id='word_1_2' title='bbox 485 357 531 426; x_wconf 91' lang='lat' dir='ltr'><strong>ad</strong></span> <span class='ocrx_word' id='word_1_3' title='bbox 550 355 705 430; x_wconf 78' lang='lat' dir='ltr'><strong>Galatas.</strong></span> <span class='ocrx_word' id='word_1_4' title='bbox 726 357 804 433; x_wconf 72' lang='lat' dir='ltr'><strong>dt.</strong></span> <span class='ocrx_word' id='word_1_5' title='bbox 827 357 950 431; x_wconf 83' lang='lat' dir='ltr'><strong>v.11.</strong></span> <span class='ocrx_word' id='word_1_6' title='bbox 976 355 1037 426; x_wconf 67' lang='lat'><strong>12.</strong></span> <span class='ocrx_word' id='word_1_7' title='bbox 1124 355 1201 426; x_wconf 76' lang='lat' dir='ltr'><strong>eor</strong></span> 
     </span>
    </p>
   </div>
   <div class='ocr_carea' id='block_1_2' title="bbox 132 530 1264 4166">
    <p class='ocr_par' dir='ltr' id='par_1_2' title="bbox 135 530 1206 1629">
     <span class='ocr_line' id='line_1_2' title="bbox 140 530 1205 621; baseline -0.003 -27"><span class='ocrx_word' id='word_1_8' title='bbox 140 533 264 594; x_wconf 80' lang='lat' dir='ltr'><strong>sntldde</strong></span> <span class='ocrx_word' id='word_1_9' title='bbox 283 530 325 592; x_wconf 87' lang='lat' dir='ltr'><strong>lta</strong></span> <span class='ocrx_word' id='word_1_10' title='bbox 344 537 479 610; x_wconf 87' lang='lat' dir='ltr'><strong>expertus</strong></span> <span class='ocrx_word' id='word_1_11' title='bbox 499 535 560 612; x_wconf 87' lang='lat' dir='ltr'><strong>est,</strong></span> <span class='ocrx_word' id='word_1_12' title='bbox 586 537 620 594; x_wconf 90' lang='lat' dir='ltr'><strong>ut</strong></span> <span class='ocrx_word' id='word_1_13' title='bbox 638 531 767 621; x_wconf 74' lang='lat' dir='ltr'><strong>vlsloms</strong></span> <span class='ocrx_word' id='word_1_14' title='bbox 786 532 1031 608; x_wconf 72' lang='lat' dir='ltr'><strong>tparonmremur</strong></span> <span class='ocrx_word' id='word_1_15' title='bbox 1050 532 1081 594; x_wconf 89' lang='lat' dir='ltr'><strong>ln</strong></span> <span class='ocrx_word' id='word_1_16' title='bbox 1101 536 1205 592; x_wconf 86' lang='lat' dir='ltr'><strong>statum</strong></span> 
     </span>
     <span class='ocr_line' id='line_1_3' title="bbox 138 635 1203 714; baseline -0.003 -18"><span class='ocrx_word' id='word_1_17' title='bbox 138 637 228 696; x_wconf 79' lang='lat' dir='ltr'><strong>enim</strong></span> <span class='ocrx_word' id='word_1_18' title='bbox 249 636 378 696; x_wconf 89' lang='lat' dir='ltr'><strong>coniecto</strong></span> <span class='ocrx_word' id='word_1_19' title='bbox 398 651 516 711; x_wconf 77' lang='lat' dir='ltr'><strong>prorsum</strong></span> <span class='ocrx_word' id='word_1_20' title='bbox 536 635 1030 714; x_wconf 69' lang='lat' dir='ltr'><strong>unguerem,Aerc.se,17.oqq.</strong></span> <span class='ocrx_word' id='word_1_21' title='bbox 1056 635 1105 696; x_wconf 65' lang='lat'><strong>11:</strong></span> <span class='ocrx_word' id='word_1_22' title='bbox 1118 638 1203 696; x_wconf 75' lang='lat' dir='ltr'><strong>corr.</strong></span> 
     </span>
     <span class='ocr_line' id='line_1_4' title="bbox 139 731 1204 819; baseline -0.007 -19"><span class='ocrx_word' id='word_1_23' title='bbox 139 739 313 815; x_wconf 81' lang='lat' dir='ltr'><strong>12,1.eqq.</strong></span> <span class='ocrx_word' id='word_1_24' title='bbox 335 737 497 798; x_wconf 73' lang='lat' dir='ltr'><strong>domorum</strong></span> <span class='ocrx_word' id='word_1_25' title='bbox 513 731 651 811; x_wconf 78' lang='grc' dir='ltr'><em>Ἰησοῦ</em></span> <span class='ocrx_word' id='word_1_26' title='bbox 673 736 709 800; x_wconf 76' lang='lat'>1</span> <span class='ocrx_word' id='word_1_27' title='bbox 715 757 743 819; x_wconf 89' lang='grc' dir='ltr'><strong>ρ.</strong></span> <span class='ocrx_word' id='word_1_28' title='bbox 762 738 871 812; x_wconf 86' lang='lat' dir='ltr'><strong>pariter</strong></span> <span class='ocrx_word' id='word_1_29' title='bbox 888 738 958 799; x_wconf 85' lang='lat' dir='ltr'><strong>iicet</strong></span> <span class='ocrx_word' id='word_1_30' title='bbox 977 736 1136 812; x_wconf 79' lang='lat' dir='ltr'><strong>geniorum</strong></span> <span class='ocrx_word' id='word_1_31' title='bbox 1147 735 1204 802; x_wconf 81' lang='lat' dir='ltr'><strong>ira-</strong></span> 
     </span>
     <span class='ocr_line' id='line_1_5' title="bbox 137 839 1206 914; baseline -0.004 -14"><span class='ocrx_word' id='word_1_32' title='bbox 137 841 212 900; x_wconf 79' lang='lat' dir='ltr'><strong>lrere</strong></span> <span class='ocrx_word' id='word_1_33' title='bbox 230 841 355 902; x_wconf 75' lang='lat' dir='ltr'><strong>eutero</strong></span> <span class='ocrx_word' id='word_1_34' title='bbox 373 856 399 899; x_wconf 90' lang='lat' dir='ltr'><strong>s.</strong></span> <span class='ocrx_word' id='word_1_35' title='bbox 421 843 570 900; x_wconf 74' lang='lat' dir='ltr'><strong>auctor-ia.-</strong></span> <span class='ocrx_word' id='word_1_36' title='bbox 595 855 649 913; x_wconf 91' lang='lat' dir='ltr'><strong>per</strong></span> <span class='ocrx_word' id='word_1_37' title='bbox 674 840 895 914; x_wconf 83' lang='lat' dir='ltr'><strong>revelationem,</strong></span> <span class='ocrx_word' id='word_1_38' title='bbox 921 839 1004 896; x_wconf 86' lang='lat' dir='ltr'><strong>ouius</strong></span> <span class='ocrx_word' id='word_1_39' title='bbox 1029 841 1131 896; x_wconf 86' lang='lat' dir='ltr'><strong>auctor</strong></span> <span class='ocrx_word' id='word_1_40' title='bbox 1150 839 1206 896; x_wconf 79' lang='lat' dir='ltr'><strong>ruit</strong></span> 
     </span>
     <span class='ocr_line' id='line_1_6' title="bbox 137 941 1203 1019; baseline -0.003 -19"><span class='ocrx_word' id='word_1_41' title='bbox 137 941 286 1019; x_wconf 79' lang='lat' dir='ltr'><strong>Christus,</strong></span> <span class='ocrx_word' id='word_1_42' title='bbox 314 945 400 1016; x_wconf 85' lang='lat' dir='ltr'><strong>atque</strong></span> <span class='ocrx_word' id='word_1_43' title='bbox 426 943 516 1018; x_wconf 77' lang='lat' dir='ltr'><strong>genio.</strong></span> <span class='ocrx_word' id='word_1_44' title='bbox 545 943 664 1018; x_wconf 78' lang='lat' dir='ltr'><strong>obtecti,</strong></span> <span class='ocrx_word' id='word_1_45' title='bbox 689 941 922 1000; x_wconf 63' lang='lat' dir='ltr'><strong>theodoreto</strong></span> <span class='ocrx_word' id='word_1_46' title='bbox 948 943 1120 1016; x_wconf 84' lang='lat' dir='ltr'><strong>praeeunte,</strong></span> <span class='ocrx_word' id='word_1_47' title='bbox 1148 943 1203 998; x_wconf 85' lang='lat' dir='ltr'><strong>ct&#39;r.</strong></span> 
     </span>
     <span class='ocr_line' id='line_1_7' title="bbox 137 1039 1205 1118; baseline -0.002 -18"><span class='ocrx_word' id='word_1_48' title='bbox 137 1042 255 1101; x_wconf 68' lang='lat' dir='ltr'><strong>mdc</strong></span> <span class='ocrx_word' id='word_1_49' title='bbox 284 1059 339 1117; x_wconf 88' lang='lat' dir='ltr'><strong>per</strong></span> <span class='ocrx_word' id='word_1_50' title='bbox 364 1044 568 1104; x_wconf 71' lang='lat' dir='ltr'><strong>revelationem</strong></span> <span class='ocrx_word' id='word_1_51' title='bbox 595 1057 652 1118; x_wconf 84' lang='lat' dir='ltr'><strong>qua</strong></span> <span class='ocrx_word' id='word_1_52' title='bbox 676 1041 747 1101; x_wconf 88' lang='lat' dir='ltr'><strong>mihi</strong></span> <span class='ocrx_word' id='word_1_53' title='bbox 773 1039 970 1099; x_wconf 78' lang='lat' dir='ltr'><strong>manifestatus</strong></span> <span class='ocrx_word' id='word_1_54' title='bbox 990 1043 1036 1098; x_wconf 89' lang='lat' dir='ltr'><strong>est</strong></span> <span class='ocrx_word' id='word_1_55' title='bbox 1063 1039 1205 1099; x_wconf 77' lang='lat' dir='ltr'><strong>christus.</strong></span> 
     </span>
     <span class='ocr_line' id='line_1_8' title="bbox 136 1143 1205 1222; baseline -0.004 -17"><span class='ocrx_word' id='word_1_56' title='bbox 136 1144 237 1205; x_wconf 86' lang='lat' dir='ltr'><strong>Nolim</strong></span> <span class='ocrx_word' id='word_1_57' title='bbox 256 1145 371 1222; x_wconf 86' lang='lat' dir='ltr'><strong>quidem</strong></span> <span class='ocrx_word' id='word_1_58' title='bbox 390 1145 590 1204; x_wconf 85' lang='lat' dir='ltr'><strong>necessitatem</strong></span> <span class='ocrx_word' id='word_1_59' title='bbox 610 1143 714 1217; x_wconf 89' lang='lat' dir='ltr'><strong>prioris</strong></span> <span class='ocrx_word' id='word_1_60' title='bbox 734 1143 880 1214; x_wconf 79' lang='lat' dir='ltr'><strong>interpret.</strong></span> <span class='ocrx_word' id='word_1_61' title='bbox 901 1143 984 1201; x_wconf 82' lang='lat' dir='ltr'><strong>emto</strong></span> <span class='ocrx_word' id='word_1_62' title='bbox 1004 1143 1205 1214; x_wconf 77' lang='lat' dir='ltr'><strong>superstruere</strong></span> 
     </span>
     <span class='ocr_line' id='line_1_9' title="bbox 136 1239 1203 1324; baseline -0.007 -16"><span class='ocrx_word' id='word_1_63' title='bbox 136 1245 411 1322; x_wconf 76' lang='lat' dir='ltr'><strong>11.Corr.12,1.,</strong></span> <span class='ocrx_word' id='word_1_64' title='bbox 440 1261 526 1320; x_wconf 89' lang='lat' dir='ltr'><strong>quum</strong></span> <span class='ocrx_word' id='word_1_65' title='bbox 551 1243 638 1304; x_wconf 86' lang='lat' dir='ltr'><strong>etiam</strong></span> <span class='ocrx_word' id='word_1_66' title='bbox 662 1243 713 1302; x_wconf 86' lang='lat' dir='ltr'><strong>ido</strong></span> <span class='ocrx_word' id='word_1_67' title='bbox 739 1244 822 1302; x_wconf 90' lang='lat' dir='ltr'><strong>loeus</strong></span> <span class='ocrx_word' id='word_1_68' title='bbox 848 1242 893 1320; x_wconf 83' lang='lat' dir='ltr'><strong>[st</strong></span> <span class='ocrx_word' id='word_1_69' title='bbox 918 1243 1002 1303; x_wconf 91' lang='lat' dir='ltr'><strong>modo</strong></span> <span class='ocrx_word' id='word_1_70' title='bbox 1028 1244 1083 1301; x_wconf 86' lang='lat' dir='ltr'><strong>sub</strong></span> <span class='ocrx_word' id='word_1_71' title='bbox 1108 1239 1203 1324; x_wconf 74' lang='grc' dir='ltr'><strong><em>κυρίῳ</em></strong></span> 
     </span>
     <span class='ocr_line' id='line_1_10' title="bbox 139 1343 1205 1426; baseline -0.003 -19"><span class='ocrx_word' id='word_1_72' title='bbox 139 1347 275 1407; x_wconf 84' lang='lat' dir='ltr'><strong>christus</strong></span> <span class='ocrx_word' id='word_1_73' title='bbox 293 1347 492 1426; x_wconf 80' lang='lat' dir='ltr'><strong>intelligatur]</strong></span> <span class='ocrx_word' id='word_1_74' title='bbox 513 1345 700 1422; x_wconf 77' lang='lat' dir='ltr'><strong>posteriorem</strong></span> <span class='ocrx_word' id='word_1_75' title='bbox 716 1346 852 1404; x_wconf 73' lang='lat' dir='ltr'><strong>eumont:</strong></span> <span class='ocrx_word' id='word_1_76' title='bbox 895 1343 997 1422; x_wconf 75' lang='lat' dir='ltr'><strong>[Alius</strong></span> <span class='ocrx_word' id='word_1_77' title='bbox 1007 1344 1126 1421; x_wconf 81' lang='lat' dir='ltr'><strong>generis</strong></span> <span class='ocrx_word' id='word_1_78' title='bbox 1139 1351 1205 1404; x_wconf 86' lang='lat' dir='ltr'><strong>sunt</strong></span> 
     </span>
     <span class='ocr_line' id='line_1_11' title="bbox 135 1441 1203 1530; baseline -0.002 -22"><span class='ocrx_word' id='word_1_79' title='bbox 135 1449 236 1524; x_wconf 78' lang='lat' dir='ltr'><strong>effeta,</strong></span> <span class='ocrx_word' id='word_1_80' title='bbox 262 1450 312 1508; x_wconf 85' lang='lat' dir='ltr'><strong>ubi</strong></span> <span class='ocrx_word' id='word_1_81' title='bbox 333 1441 543 1525; x_wconf 66' lang='grc' dir='ltr'><strong><em>ἀποκάλυψις</em></strong></span> <span class='ocrx_word' id='word_1_82' title='bbox 563 1443 673 1527; x_wconf 79' lang='grc' dir='ltr'><strong><em>κνρίου</em></strong></span> <span class='ocrx_word' id='word_1_83' title='bbox 700 1447 739 1504; x_wconf 91' lang='lat' dir='ltr'><strong>de</strong></span> <span class='ocrx_word' id='word_1_84' title='bbox 766 1445 882 1530; x_wconf 79' lang='lat' dir='ltr'><strong>Christo</strong></span> <span class='ocrx_word' id='word_1_85' title='bbox 908 1447 976 1505; x_wconf 93' lang='lat' dir='ltr'><strong>olim</strong></span> <span class='ocrx_word' id='word_1_86' title='bbox 1002 1447 1040 1506; x_wconf 87' lang='lat' dir='ltr'><strong>ad</strong></span> <span class='ocrx_word' id='word_1_87' title='bbox 1065 1445 1203 1508; x_wconf 85' lang='lat' dir='ltr'><strong>iudicium</strong></span> 
     </span>
     <span class='ocr_line' id='line_1_12' title="bbox 135 1547 1074 1629; baseline 0 -21"><span class='ocrx_word' id='word_1_88' title='bbox 135 1549 233 1625; x_wconf 85' lang='lat' dir='ltr'><strong>palam</strong></span> <span class='ocrx_word' id='word_1_89' title='bbox 253 1550 417 1626; x_wconf 77' lang='lat' dir='ltr'><strong>apposituro</strong></span> <span class='ocrx_word' id='word_1_90' title='bbox 437 1549 551 1608; x_wconf 89' lang='lat' dir='ltr'><strong>dicitur.</strong></span> <span class='ocrx_word' id='word_1_91' title='bbox 591 1549 651 1608; x_wconf 82' lang='lat' dir='ltr'><strong>vd</strong></span> <span class='ocrx_word' id='word_1_92' title='bbox 670 1549 710 1608; x_wconf 90' lang='lat' dir='ltr'><strong>ad</strong></span> <span class='ocrx_word' id='word_1_93' title='bbox 729 1551 776 1608; x_wconf 85' lang='lat'><strong>11.</strong></span> <span class='ocrx_word' id='word_1_94' title='bbox 788 1548 891 1610; x_wconf 70' lang='lat' dir='ltr'><strong>There.</strong></span> <span class='ocrx_word' id='word_1_95' title='bbox 903 1549 936 1629; x_wconf 82' lang='lat'><strong>1,</strong></span> <span class='ocrx_word' id='word_1_96' title='bbox 953 1553 983 1608; x_wconf 78' lang='lat'><strong>7.</strong></span> <span class='ocrx_word' id='word_1_97' title='bbox 996 1547 1074 1628; x_wconf 77' lang='lat' dir='ltr'><strong>obs]</strong></span> 
     </span>
    </p>

    <p class='ocr_par' dir='ltr' id='par_1_3' title="bbox 132 1649 1264 4166">
     <span class='ocr_line' id='line_1_13' title="bbox 223 1649 1203 1727; baseline 0.001 -18"><span class='ocrx_word' id='word_1_98' title='bbox 223 1653 287 1720; x_wconf 79' lang='lat' dir='ltr'><strong>Quo</strong></span> <span class='ocrx_word' id='word_1_99' title='bbox 327 1651 392 1712; x_wconf 90' lang='lat' dir='ltr'><strong>iure</strong></span> <span class='ocrx_word' id='word_1_100' title='bbox 426 1650 635 1727; x_wconf 77' lang='lat' dir='ltr'><strong>adfirmaverit,</strong></span> <span class='ocrx_word' id='word_1_101' title='bbox 652 1651 772 1710; x_wconf 60' lang='lat' dir='ltr'><strong>&#39;nullius</strong></span> <span class='ocrx_word' id='word_1_102' title='bbox 804 1649 926 1710; x_wconf 88' lang='lat' dir='ltr'><strong>hominis</strong></span> <span class='ocrx_word' id='word_1_103' title='bbox 955 1649 1119 1711; x_wconf 83' lang='lat' dir='ltr'><strong>interventu</strong></span> <span class='ocrx_word' id='word_1_104' title='bbox 1148 1651 1203 1710; x_wconf 88' lang='lat' dir='ltr'><strong>scd</strong></span> 
     </span>
     <span class='ocr_line' id='line_1_14' title="bbox 136 1751 1202 1829; baseline -0.004 -15"><span class='ocrx_word' id='word_1_105' title='bbox 136 1753 196 1814; x_wconf 84' lang='lat' dir='ltr'><strong>Del</strong></span> <span class='ocrx_word' id='word_1_106' title='bbox 215 1753 308 1826; x_wconf 84' lang='lat' dir='ltr'><strong>ipsius</strong></span> <span class='ocrx_word' id='word_1_107' title='bbox 328 1755 358 1812; x_wconf 87' lang='lat' dir='ltr'><strong>et</strong></span> <span class='ocrx_word' id='word_1_108' title='bbox 376 1751 542 1812; x_wconf 74' lang='lat' dir='ltr'><strong>servatoris</strong></span> <span class='ocrx_word' id='word_1_109' title='bbox 562 1751 658 1828; x_wconf 77' lang='lat' dir='ltr'><strong>gretie</strong></span> <span class='ocrx_word' id='word_1_110' title='bbox 677 1755 786 1811; x_wconf 75' lang='lat' dir='ltr'><strong>sactum</strong></span> <span class='ocrx_word' id='word_1_111' title='bbox 806 1767 888 1829; x_wconf 87' lang='lat' dir='ltr'><strong>esse,</strong></span> <span class='ocrx_word' id='word_1_112' title='bbox 913 1753 945 1810; x_wconf 91' lang='lat' dir='ltr'><strong>ut</strong></span> <span class='ocrx_word' id='word_1_113' title='bbox 966 1751 1111 1812; x_wconf 74' lang='lat' dir='ltr'><strong>curuum</strong></span> <span class='ocrx_word' id='word_1_114' title='bbox 1123 1756 1202 1820; x_wconf 74' lang='lat' dir='ltr'><strong>recte</strong></span> 
     </span>
     <span class='ocr_line' id='line_1_15' title="bbox 134 1850 1201 1932; baseline -0.004 -18"><span class='ocrx_word' id='word_1_115' title='bbox 134 1857 345 1932; x_wconf 80' lang='lat' dir='ltr'><strong>cognosceret,</strong></span> <span class='ocrx_word' id='word_1_116' title='bbox 380 1855 502 1928; x_wconf 81' lang='lat' dir='ltr'><strong>emplius</strong></span> <span class='ocrx_word' id='word_1_117' title='bbox 532 1851 697 1927; x_wconf 84' lang='lat' dir='ltr'><strong>comprobat</strong></span> <span class='ocrx_word' id='word_1_118' title='bbox 726 1851 885 1926; x_wconf 83' lang='lat' dir='ltr'><strong>Apostolus</strong></span> <span class='ocrx_word' id='word_1_119' title='bbox 918 1850 1046 1914; x_wconf 77' lang='lat' dir='ltr'><strong>breviter</strong></span> <span class='ocrx_word' id='word_1_120' title='bbox 1072 1867 1201 1912; x_wconf 88' lang='lat' dir='ltr'><strong>comme-</strong></span> 
     </span>
     <span class='ocr_line' id='line_1_16' title="bbox 136 1953 1201 2032; baseline -0.004 -14"><span class='ocrx_word' id='word_1_121' title='bbox 136 1958 277 2018; x_wconf 88' lang='lat' dir='ltr'><strong>moranda</strong></span> <span class='ocrx_word' id='word_1_122' title='bbox 295 1956 374 2017; x_wconf 81' lang='lat' dir='ltr'><strong>ritae</strong></span> <span class='ocrx_word' id='word_1_123' title='bbox 393 1971 465 2016; x_wconf 82' lang='lat' dir='ltr'><strong>suae</strong></span> <span class='ocrx_word' id='word_1_124' title='bbox 489 1954 585 2015; x_wconf 82' lang='lat' dir='ltr'><strong>odhrm</strong></span> <span class='ocrx_word' id='word_1_125' title='bbox 605 1957 707 2032; x_wconf 78' lang='lat' dir='ltr'><strong>gestae</strong></span> <span class='ocrx_word' id='word_1_126' title='bbox 732 1953 862 2018; x_wconf 71' lang='lat' dir='ltr'><strong>tutoris.</strong></span> <span class='ocrx_word' id='word_1_127' title='bbox 905 1955 981 2016; x_wconf 84' lang='lat' dir='ltr'><strong>Olim</strong></span> <span class='ocrx_word' id='word_1_128' title='bbox 1009 1954 1114 2032; x_wconf 88' lang='lat' dir='ltr'><strong>quippe</strong></span> <span class='ocrx_word' id='word_1_129' title='bbox 1134 1960 1201 2015; x_wconf 82' lang='lat' dir='ltr'><strong>tan-</strong></span> 
     </span>
     <span class='ocr_line' id='line_1_17' title="bbox 135 2055 1201 2152; baseline -0.004 -34"><span class='ocrx_word' id='word_1_130' title='bbox 135 2063 197 2118; x_wconf 89' lang='lat' dir='ltr'><strong>tum</strong></span> <span class='ocrx_word' id='word_1_131' title='bbox 223 2060 341 2136; x_wconf 83' lang='lat' dir='ltr'><strong>eberat,</strong></span> <span class='ocrx_word' id='word_1_132' title='bbox 369 2059 402 2118; x_wconf 86' lang='lat' dir='ltr'><strong>nt</strong></span> <span class='ocrx_word' id='word_1_133' title='bbox 426 2071 528 2118; x_wconf 78' lang='lat' dir='ltr'><strong>reram</strong></span> <span class='ocrx_word' id='word_1_134' title='bbox 555 2055 665 2116; x_wconf 75' lang='lat' dir='ltr'><strong>Christi</strong></span> <span class='ocrx_word' id='word_1_135' title='bbox 689 2057 881 2152; x_wconf 67' lang='lat' dir='ltr'><strong>cognitorem</strong></span> <span class='ocrx_word' id='word_1_136' title='bbox 901 2060 1032 2132; x_wconf 84' lang='lat' dir='ltr'><strong>curaret,</strong></span> <span class='ocrx_word' id='word_1_137' title='bbox 1058 2061 1091 2118; x_wconf 88' lang='lat' dir='ltr'><strong>ut</strong></span> <span class='ocrx_word' id='word_1_138' title='bbox 1114 2057 1201 2120; x_wconf 83' lang='lat' dir='ltr'><strong>ctiam</strong></span> 
     </span>
     <span class='ocr_line' id='line_1_18' title="bbox 133 2158 1202 2232; baseline -0.007 -10"><span class='ocrx_word' id='word_1_139' title='bbox 133 2159 267 2222; x_wconf 83' lang='lat' dir='ltr'><strong>lromines</strong></span> <span class='ocrx_word' id='word_1_140' title='bbox 288 2159 404 2220; x_wconf 83' lang='lat' dir='ltr'><strong>Christo</strong></span> <span class='ocrx_word' id='word_1_141' title='bbox 425 2159 555 2218; x_wconf 88' lang='lat' dir='ltr'><strong>addictos</strong></span> <span class='ocrx_word' id='word_1_142' title='bbox 575 2159 682 2218; x_wconf 81' lang='lat' dir='ltr'><strong>noriter</strong></span> <span class='ocrx_word' id='word_1_143' title='bbox 708 2163 935 2232; x_wconf 75' lang='lat' dir='ltr'><strong>persequeretur.</strong></span> <span class='ocrx_word' id='word_1_144' title='bbox 976 2159 1078 2218; x_wconf 80' lang='lat' dir='ltr'><strong>Sublto</strong></span> <span class='ocrx_word' id='word_1_145' title='bbox 1097 2158 1202 2216; x_wconf 89' lang='lat' dir='ltr'><strong>deindo</strong></span> 
     </span>
     <span class='ocr_line' id='line_1_19' title="bbox 136 2257 1227 2338; baseline -0.004 -16"><span class='ocrx_word' id='word_1_146' title='bbox 136 2277 298 2322; x_wconf 80' lang='lat' dir='ltr'><strong>conversus</strong></span> <span class='ocrx_word' id='word_1_147' title='bbox 320 2261 414 2338; x_wconf 85' lang='lat' dir='ltr'><strong>(quod</strong></span> <span class='ocrx_word' id='word_1_148' title='bbox 433 2259 495 2320; x_wconf 82' lang='lat' dir='ltr'><strong>deri</strong></span> <span class='ocrx_word' id='word_1_149' title='bbox 515 2275 573 2320; x_wconf 86' lang='lat' dir='ltr'><strong>non</strong></span> <span class='ocrx_word' id='word_1_150' title='bbox 592 2259 732 2332; x_wconf 82' lang='lat' dir='ltr'><strong>potuisset</strong></span> <span class='ocrx_word' id='word_1_151' title='bbox 750 2260 859 2334; x_wconf 84' lang='lat' dir='ltr'><strong>absque</strong></span> <span class='ocrx_word' id='word_1_152' title='bbox 878 2259 993 2320; x_wconf 87' lang='lat' dir='ltr'><strong>numine</strong></span> <span class='ocrx_word' id='word_1_153' title='bbox 1010 2259 1083 2338; x_wconf 82' lang='lat' dir='ltr'><strong>liei)</strong></span> <span class='ocrx_word' id='word_1_154' title='bbox 1103 2257 1227 2318; x_wconf 84' lang='lat' dir='ltr'><strong>lromi-·</strong></span> 
     </span>
     <span class='ocr_line' id='line_1_20' title="bbox 134 2359 1201 2440; baseline -0.005 -17"><span class='ocrx_word' id='word_1_155' title='bbox 134 2379 203 2423; x_wconf 87' lang='lat' dir='ltr'><strong>nem</strong></span> <span class='ocrx_word' id='word_1_156' title='bbox 228 2364 352 2440; x_wconf 82' lang='lat' dir='ltr'><strong>nullum,</strong></span> <span class='ocrx_word' id='word_1_157' title='bbox 378 2379 416 2422; x_wconf 87' lang='lat' dir='ltr'><strong>ue</strong></span> <span class='ocrx_word' id='word_1_158' title='bbox 441 2360 598 2436; x_wconf 81' lang='lat' dir='ltr'><strong>apostolum</strong></span> <span class='ocrx_word' id='word_1_159' title='bbox 624 2362 754 2438; x_wconf 90' lang='lat' dir='ltr'><strong>quidem,</strong></span> <span class='ocrx_word' id='word_1_160' title='bbox 779 2359 908 2421; x_wconf 78' lang='lat' dir='ltr'><strong>adhibuit</strong></span> <span class='ocrx_word' id='word_1_161' title='bbox 933 2362 1087 2424; x_wconf 75' lang='lat' dir='ltr'><strong>doctorem.</strong></span> <span class='ocrx_word' id='word_1_162' title='bbox 1129 2359 1201 2426; x_wconf 75' lang='lat' dir='ltr'><strong>Quis</strong></span> 
     </span>
     <span class='ocr_line' id='line_1_21' title="bbox 134 2457 1201 2540; baseline -0.001 -15"><span class='ocrx_word' id='word_1_163' title='bbox 134 2467 224 2525; x_wconf 85' lang='lat' dir='ltr'><strong>tidem</strong></span> <span class='ocrx_word' id='word_1_164' title='bbox 245 2465 371 2540; x_wconf 77' lang='lat' dir='ltr'><strong>deneget</strong></span> <span class='ocrx_word' id='word_1_165' title='bbox 390 2463 496 2538; x_wconf 85' lang='lat' dir='ltr'><strong>Paulo,</strong></span> <span class='ocrx_word' id='word_1_166' title='bbox 520 2459 702 2522; x_wconf 89' lang='lat' dir='ltr'><strong>sanctissime</strong></span> <span class='ocrx_word' id='word_1_167' title='bbox 721 2462 796 2522; x_wconf 85' lang='lat' dir='ltr'><strong>hoec</strong></span> <span class='ocrx_word' id='word_1_168' title='bbox 817 2462 946 2538; x_wconf 85' lang='lat' dir='ltr'><strong>testenti,</strong></span> <span class='ocrx_word' id='word_1_169' title='bbox 971 2461 1044 2520; x_wconf 89' lang='lat' dir='ltr'><strong>nihil</strong></span> <span class='ocrx_word' id='word_1_170' title='bbox 1063 2457 1201 2539; x_wconf 62' lang='lat' dir='ltr'><strong>enmono</strong></span> 
     </span>
     <span class='ocr_line' id='line_1_22' title="bbox 137 2561 1201 2642; baseline 0 -18"><span class='ocrx_word' id='word_1_171' title='bbox 137 2581 176 2624; x_wconf 94' lang='lat' dir='ltr'><strong>ao</strong></span> <span class='ocrx_word' id='word_1_172' title='bbox 203 2565 345 2641; x_wconf 88' lang='lat' dir='ltr'><strong>molienti,</strong></span> <span class='ocrx_word' id='word_1_173' title='bbox 376 2563 433 2624; x_wconf 88' lang='lat' dir='ltr'><strong>nisi</strong></span> <span class='ocrx_word' id='word_1_174' title='bbox 468 2568 501 2624; x_wconf 91' lang='lat' dir='ltr'><strong>ut</strong></span> <span class='ocrx_word' id='word_1_175' title='bbox 526 2561 641 2624; x_wconf 61' lang='lat' dir='ltr'><strong>verino·</strong></span> <span class='ocrx_word' id='word_1_176' title='bbox 667 2563 782 2623; x_wconf 86' lang='lat' dir='ltr'><strong>divinae</strong></span> <span class='ocrx_word' id='word_1_177' title='bbox 807 2563 1012 2638; x_wconf 70' lang='lat' dir='ltr'><strong>propagandae</strong></span> <span class='ocrx_word' id='word_1_178' title='bbox 1038 2563 1201 2642; x_wconf 77' lang='lat' dir='ltr'><strong>inserviret,</strong></span> 
     </span>
     <span class='ocr_line' id='line_1_23' title="bbox 135 2661 1200 2741; baseline 0 -15"><span class='ocrx_word' id='word_1_179' title='bbox 135 2667 249 2726; x_wconf 82' lang='lat' dir='ltr'><strong>abiecto</strong></span> <span class='ocrx_word' id='word_1_180' title='bbox 270 2666 372 2741; x_wconf 78' lang='lat' dir='ltr'><strong>quous</strong></span> <span class='ocrx_word' id='word_1_181' title='bbox 391 2679 488 2728; x_wconf 82' lang='lat' dir='ltr'><strong>rerum</strong></span> <span class='ocrx_word' id='word_1_182' title='bbox 506 2666 683 2726; x_wconf 71' lang='lat' dir='ltr'><strong>emersum</strong></span> <span class='ocrx_word' id='word_1_183' title='bbox 702 2661 821 2726; x_wconf 79' lang='lat' dir='ltr'><strong>sumet</strong></span> <span class='ocrx_word' id='word_1_184' title='bbox 847 2665 934 2726; x_wconf 77' lang='lat' dir='ltr'><strong>Haud</strong></span> <span class='ocrx_word' id='word_1_185' title='bbox 952 2665 1071 2739; x_wconf 86' lang='lat' dir='ltr'><strong>impedit</strong></span> <span class='ocrx_word' id='word_1_186' title='bbox 1087 2665 1200 2738; x_wconf 85' lang='lat' dir='ltr'><strong>quidem</strong></span> 
     </span>
     <span class='ocr_line' id='line_1_24' title="bbox 132 2766 1201 2845; baseline 0 -17"><span class='ocrx_word' id='word_1_187' title='bbox 132 2769 327 2828; x_wconf 85' lang='lat' dir='ltr'><strong>testimonium</strong></span> <span class='ocrx_word' id='word_1_188' title='bbox 346 2766 445 2845; x_wconf 75' lang='lat' dir='ltr'><strong>Pauli,</strong></span> <span class='ocrx_word' id='word_1_189' title='bbox 471 2768 622 2842; x_wconf 85' lang='lat' dir='ltr'><strong>quominus</strong></span> <span class='ocrx_word' id='word_1_190' title='bbox 640 2769 846 2844; x_wconf 88' lang='lat' dir='ltr'><strong>concedamus,</strong></span> <span class='ocrx_word' id='word_1_191' title='bbox 857 2767 1031 2842; x_wconf 85' lang='lat' dir='ltr'><strong>priusquam</strong></span> <span class='ocrx_word' id='word_1_192' title='bbox 1048 2767 1098 2828; x_wconf 80' lang='lat' dir='ltr'><strong>illa</strong></span> <span class='ocrx_word' id='word_1_193' title='bbox 1114 2767 1201 2828; x_wconf 87' lang='lat' dir='ltr'><strong>animi</strong></span> 
     </span>
     <span class='ocr_line' id='line_1_25' title="bbox 136 2864 1201 2949; baseline -0.002 -19"><span class='ocrx_word' id='word_1_194' title='bbox 136 2870 255 2930; x_wconf 82' lang='lat' dir='ltr'><strong>mutatio</strong></span> <span class='ocrx_word' id='word_1_195' title='bbox 273 2868 379 2946; x_wconf 82' lang='lat' dir='ltr'><strong>ingens</strong></span> <span class='ocrx_word' id='word_1_196' title='bbox 404 2869 567 2945; x_wconf 89' lang='lat' dir='ltr'><strong>accideret,</strong></span> <span class='ocrx_word' id='word_1_197' title='bbox 591 2871 726 2946; x_wconf 81' lang='lat' dir='ltr'><strong>aliquam</strong></span> <span class='ocrx_word' id='word_1_198' title='bbox 749 2885 913 2930; x_wconf 86' lang='lat' dir='ltr'><strong>sermonum</strong></span> <span class='ocrx_word' id='word_1_199' title='bbox 939 2873 970 2928; x_wconf 89' lang='lat' dir='ltr'><strong>et</strong></span> <span class='ocrx_word' id='word_1_200' title='bbox 995 2869 1075 2928; x_wconf 78' lang='lat' dir='ltr'><strong>vitoe</strong></span> <span class='ocrx_word' id='word_1_201' title='bbox 1093 2864 1201 2949; x_wconf 67' lang='lat' dir='ltr'><strong>fflristt</strong></span> 
     </span>
     <span class='ocr_line' id='line_1_26' title="bbox 136 2969 1199 3048; baseline -0.001 -18"><span class='ocrx_word' id='word_1_202' title='bbox 136 2973 334 3048; x_wconf 81' lang='lat' dir='ltr'><strong>oopnittoocm</strong></span> <span class='ocrx_word' id='word_1_203' title='bbox 353 2969 524 3030; x_wconf 59' lang='lat' dir='ltr'><strong>&amp;moricum</strong></span> <span class='ocrx_word' id='word_1_204' title='bbox 543 2970 600 3044; x_wconf 89' lang='lat' dir='ltr'><strong>ipsi</strong></span> <span class='ocrx_word' id='word_1_205' title='bbox 619 2986 677 3030; x_wconf 90' lang='lat' dir='ltr'><strong>non</strong></span> <span class='ocrx_word' id='word_1_206' title='bbox 703 2971 847 3048; x_wconf 74' lang='lat' dir='ltr'><strong>dendsse,</strong></span> <span class='ocrx_word' id='word_1_207' title='bbox 872 2987 959 3046; x_wconf 84' lang='lat' dir='ltr'><strong>quum</strong></span> <span class='ocrx_word' id='word_1_208' title='bbox 978 2974 1008 3030; x_wconf 88' lang='lat' dir='ltr'><strong>ot</strong></span> <span class='ocrx_word' id='word_1_209' title='bbox 1027 2971 1199 3042; x_wconf 78' lang='lat' dir='ltr'><strong>Hierosoly-</strong></span> 
     </span>
     <span class='ocr_line' id='line_1_27' title="bbox 135 3071 1199 3152; baseline -0.001 -20"><span class='ocrx_word' id='word_1_210' title='bbox 135 3073 193 3132; x_wconf 89' lang='lat' dir='ltr'><strong>mis</strong></span> <span class='ocrx_word' id='word_1_211' title='bbox 212 3073 244 3130; x_wconf 91' lang='lat' dir='ltr'><strong>in</strong></span> <span class='ocrx_word' id='word_1_212' title='bbox 264 3071 365 3135; x_wconf 87' lang='lat' dir='ltr'><strong>schola</strong></span> <span class='ocrx_word' id='word_1_213' title='bbox 391 3071 557 3130; x_wconf 70' lang='lat' dir='ltr'><strong>danaique</strong></span> <span class='ocrx_word' id='word_1_214' title='bbox 584 3087 675 3132; x_wconf 83' lang='lat' dir='ltr'><strong>annos</strong></span> <span class='ocrx_word' id='word_1_215' title='bbox 700 3073 798 3145; x_wconf 89' lang='lat' dir='ltr'><strong>plures</strong></span> <span class='ocrx_word' id='word_1_216' title='bbox 823 3075 998 3152; x_wconf 71' lang='lat' dir='ltr'><strong>uanmgeret</strong></span> <span class='ocrx_word' id='word_1_217' title='bbox 1022 3075 1051 3132; x_wconf 88' lang='lat' dir='ltr'><strong>et</strong></span> <span class='ocrx_word' id='word_1_218' title='bbox 1070 3071 1199 3148; x_wconf 84' lang='lat' dir='ltr'><strong>posthac,</strong></span> 
     </span>
     <span class='ocr_line' id='line_1_28' title="bbox 134 3173 1264 3252; baseline 0.005 -20"><span class='ocrx_word' id='word_1_219' title='bbox 134 3173 309 3232; x_wconf 80' lang='lat' dir='ltr'><strong>Christianis</strong></span> <span class='ocrx_word' id='word_1_220' title='bbox 342 3173 549 3248; x_wconf 82' lang='lat' dir='ltr'><strong>persequendis</strong></span> <span class='ocrx_word' id='word_1_221' title='bbox 580 3173 722 3252; x_wconf 88' lang='lat' dir='ltr'><strong>intentus,</strong></span> <span class='ocrx_word' id='word_1_222' title='bbox 754 3176 989 3248; x_wconf 85' lang='lat' dir='ltr'><strong>opportunitatem</strong></span> <span class='ocrx_word' id='word_1_223' title='bbox 1015 3173 1134 3233; x_wconf 83' lang='lat' dir='ltr'><strong>haberet</strong></span> <span class='ocrx_word' id='word_1_224' title='bbox 1161 3189 1197 3234; x_wconf 87' lang='lat' dir='ltr'><strong>ex</strong></span> <span class='ocrx_word' id='word_1_225' title='bbox 1262 3227 1264 3238; x_wconf 92' lang='lat'><em>.</em></span> 
     </span>
     <span class='ocr_line' id='line_1_29' title="bbox 132 3273 1198 3354; baseline 0 -22"><span class='ocrx_word' id='word_1_226' title='bbox 132 3273 208 3346; x_wconf 87' lang='lat' dir='ltr'><strong>ipsis</strong></span> <span class='ocrx_word' id='word_1_227' title='bbox 228 3289 341 3349; x_wconf 90' lang='lat' dir='ltr'><strong>eorum,</strong></span> <span class='ocrx_word' id='word_1_228' title='bbox 370 3273 418 3348; x_wconf 89' lang='lat' dir='ltr'><strong>qui</strong></span> <span class='ocrx_word' id='word_1_229' title='bbox 437 3289 490 3347; x_wconf 91' lang='lat' dir='ltr'><strong>pro</strong></span> <span class='ocrx_word' id='word_1_230' title='bbox 510 3276 664 3352; x_wconf 74' lang='lat' dir='ltr'><strong>cvangelio</strong></span> <span class='ocrx_word' id='word_1_231' title='bbox 684 3276 859 3354; x_wconf 80' lang='lat' dir='ltr'><strong>gravissima</strong></span> <span class='ocrx_word' id='word_1_232' title='bbox 878 3293 1006 3352; x_wconf 88' lang='lat' dir='ltr'><strong>quaeque</strong></span> <span class='ocrx_word' id='word_1_233' title='bbox 1026 3278 1198 3351; x_wconf 83' lang='lat' dir='ltr'><strong>paterentur,</strong></span> 
     </span>
     <span class='ocr_line' id='line_1_30' title="bbox 133 3375 1197 3453; baseline 0.002 -19"><span class='ocrx_word' id='word_1_234' title='bbox 133 3375 305 3434; x_wconf 87' lang='lat' dir='ltr'><strong>testimoniis</strong></span> <span class='ocrx_word' id='word_1_235' title='bbox 324 3375 408 3448; x_wconf 86' lang='lat' dir='ltr'><strong>plura</strong></span> <span class='ocrx_word' id='word_1_236' title='bbox 427 3377 464 3433; x_wconf 88' lang='lat' dir='ltr'><strong>de</strong></span> <span class='ocrx_word' id='word_1_237' title='bbox 485 3376 602 3436; x_wconf 84' lang='lat' dir='ltr'><strong>Christo</strong></span> <span class='ocrx_word' id='word_1_238' title='bbox 628 3378 835 3453; x_wconf 81' lang='lat' dir='ltr'><strong>cognoscendi.</strong></span> <span class='ocrx_word' id='word_1_239' title='bbox 881 3380 1017 3438; x_wconf 82' lang='lat' dir='ltr'><strong>Attamen</strong></span> <span class='ocrx_word' id='word_1_240' title='bbox 1045 3377 1197 3436; x_wconf 80' lang='lat' dir='ltr'><strong>admodum</strong></span> 
     </span>
     <span class='ocr_line' id='line_1_31' title="bbox 135 3475 1197 3550; baseline -0.001 -13"><span class='ocrx_word' id='word_1_241' title='bbox 135 3491 240 3537; x_wconf 86' lang='lat' dir='ltr'><strong>manca</strong></span> <span class='ocrx_word' id='word_1_242' title='bbox 260 3479 290 3535; x_wconf 90' lang='lat' dir='ltr'><strong>et</strong></span> <span class='ocrx_word' id='word_1_243' title='bbox 308 3475 479 3550; x_wconf 73' lang='lat' dir='ltr'><strong>imperfecta</strong></span> <span class='ocrx_word' id='word_1_244' title='bbox 488 3478 601 3536; x_wconf 76' lang='lat' dir='ltr'><strong>,tuerat</strong></span> <span class='ocrx_word' id='word_1_245' title='bbox 616 3477 694 3534; x_wconf 80' lang='lat' dir='ltr'><strong>neec</strong></span> <span class='ocrx_word' id='word_1_246' title='bbox 719 3495 817 3540; x_wconf 85' lang='lat' dir='ltr'><strong>rernm</strong></span> <span class='ocrx_word' id='word_1_247' title='bbox 844 3479 1069 3539; x_wconf 66' lang='lat' dir='ltr'><strong>emodenorum</strong></span> <span class='ocrx_word' id='word_1_248' title='bbox 1088 3479 1197 3537; x_wconf 84' lang='lat' dir='ltr'><strong>iutelli-</strong></span> 
     </span>
     <span class='ocr_line' id='line_1_32' title="bbox 133 3577 1197 3655; baseline 0.002 -19"><span class='ocrx_word' id='word_1_249' title='bbox 133 3579 252 3655; x_wconf 79' lang='lat' dir='ltr'><strong>gentia,</strong></span> <span class='ocrx_word' id='word_1_250' title='bbox 271 3593 327 3638; x_wconf 89' lang='lat' dir='ltr'><strong>neo</strong></span> <span class='ocrx_word' id='word_1_251' title='bbox 346 3579 523 3650; x_wconf 87' lang='lat' dir='ltr'><strong>persuadere</strong></span> <span class='ocrx_word' id='word_1_252' title='bbox 548 3577 577 3637; x_wconf 92' lang='lat' dir='ltr'><strong>el</strong></span> <span class='ocrx_word' id='word_1_253' title='bbox 602 3583 749 3654; x_wconf 78' lang='lat' dir='ltr'><strong>potuerat,</strong></span> <span class='ocrx_word' id='word_1_254' title='bbox 775 3581 876 3640; x_wconf 75' lang='lat' dir='ltr'><strong>desum</strong></span> <span class='ocrx_word' id='word_1_255' title='bbox 901 3596 935 3639; x_wconf 92' lang='lat' dir='ltr'><strong>re</strong></span> <span class='ocrx_word' id='word_1_256' title='bbox 958 3593 1031 3640; x_wconf 84' lang='lat' dir='ltr'><strong>rora</strong></span> <span class='ocrx_word' id='word_1_257' title='bbox 1057 3597 1123 3638; x_wconf 91' lang='lat' dir='ltr'><strong>csse</strong></span> <span class='ocrx_word' id='word_1_258' title='bbox 1141 3580 1197 3638; x_wconf 79' lang='lat' dir='ltr'><strong>liei</strong></span> 
     </span>
     <span class='ocr_line' id='line_1_33' title="bbox 132 3679 1195 3762; baseline 0.002 -24"><span class='ocrx_word' id='word_1_259' title='bbox 132 3680 223 3738; x_wconf 86' lang='lat' dir='ltr'><strong>tilium</strong></span> <span class='ocrx_word' id='word_1_260' title='bbox 247 3693 284 3736; x_wconf 91' lang='lat' dir='ltr'><strong>ao</strong></span> <span class='ocrx_word' id='word_1_261' title='bbox 309 3679 451 3756; x_wconf 77' lang='lat' dir='ltr'><strong>legatum,</strong></span> <span class='ocrx_word' id='word_1_262' title='bbox 476 3679 557 3738; x_wconf 80' lang='lat' dir='ltr'><strong>Most</strong></span> <span class='ocrx_word' id='word_1_263' title='bbox 583 3681 768 3754; x_wconf 75' lang='lat' dir='ltr'><strong>mucusque</strong></span> <span class='ocrx_word' id='word_1_264' title='bbox 793 3680 940 3762; x_wconf 77' lang='lat' dir='ltr'><strong>prophetis</strong></span> <span class='ocrx_word' id='word_1_265' title='bbox 965 3683 1195 3755; x_wconf 82' lang='lat' dir='ltr'><strong>proeterendum.</strong></span> 
     </span>
     <span class='ocr_line' id='line_1_34' title="bbox 134 3778 1196 3860; baseline 0.002 -20"><span class='ocrx_word' id='word_1_266' title='bbox 134 3778 259 3840; x_wconf 88' lang='lat' dir='ltr'><strong>Nonnisi</strong></span> <span class='ocrx_word' id='word_1_267' title='bbox 279 3780 317 3838; x_wconf 92' lang='lat' dir='ltr'><strong>dc</strong></span> <span class='ocrx_word' id='word_1_268' title='bbox 336 3781 503 3840; x_wconf 88' lang='lat' dir='ltr'><strong>discrimino</strong></span> <span class='ocrx_word' id='word_1_269' title='bbox 521 3785 582 3840; x_wconf 89' lang='lat' dir='ltr'><strong>tum</strong></span> <span class='ocrx_word' id='word_1_270' title='bbox 606 3783 742 3854; x_wconf 88' lang='lat' dir='ltr'><strong>temporis</strong></span> <span class='ocrx_word' id='word_1_271' title='bbox 770 3783 926 3860; x_wconf 79' lang='lat' dir='ltr'><strong>cogitabat,</strong></span> <span class='ocrx_word' id='word_1_272' title='bbox 951 3781 983 3841; x_wconf 91' lang='lat' dir='ltr'><strong>in</strong></span> <span class='ocrx_word' id='word_1_273' title='bbox 1010 3800 1065 3858; x_wconf 90' lang='lat' dir='ltr'><strong>quo</strong></span> <span class='ocrx_word' id='word_1_274' title='bbox 1091 3781 1196 3858; x_wconf 75' lang='lat' dir='ltr'><strong>religio</strong></span> 
     </span>
     <span class='ocr_line' id='line_1_35' title="bbox 134 3878 1195 3961; baseline 0.004 -21"><span class='ocrx_word' id='word_1_275' title='bbox 134 3895 172 3940; x_wconf 92' lang='lat' dir='ltr'><strong>ac</strong></span> <span class='ocrx_word' id='word_1_276' title='bbox 193 3879 345 3953; x_wconf 79' lang='lat' dir='ltr'><strong>disciplina</strong></span> <span class='ocrx_word' id='word_1_277' title='bbox 364 3878 499 3938; x_wconf 80' lang='lat' dir='ltr'><strong>Mosaios</strong></span> <span class='ocrx_word' id='word_1_278' title='bbox 517 3883 630 3944; x_wconf 82' lang='lat' dir='ltr'><strong>versari</strong></span> <span class='ocrx_word' id='word_1_279' title='bbox 649 3883 813 3961; x_wconf 84' lang='lat' dir='ltr'><strong>rideretur,</strong></span> <span class='ocrx_word' id='word_1_280' title='bbox 832 3883 859 3943; x_wconf 89' lang='lat' dir='ltr'><strong>si</strong></span> <span class='ocrx_word' id='word_1_281' title='bbox 878 3885 1006 3944; x_wconf 85' lang='lat' dir='ltr'><strong>ecclesis</strong></span> <span class='ocrx_word' id='word_1_282' title='bbox 1018 3885 1126 3944; x_wconf 80' lang='lat' dir='ltr'><strong>Christi</strong></span> <span class='ocrx_word' id='word_1_283' title='bbox 1144 3886 1195 3944; x_wconf 89' lang='lat' dir='ltr'><strong>in-</strong></span> 
     </span>
     <span class='ocr_line' id='line_1_36' title="bbox 135 3981 1195 4059; baseline 0.008 -21"><span class='ocrx_word' id='word_1_284' title='bbox 135 3984 293 4039; x_wconf 88' lang='lat' dir='ltr'><strong>cresceret</strong></span> <span class='ocrx_word' id='word_1_285' title='bbox 348 3981 414 4040; x_wconf 83' lang='lat' dir='ltr'><strong>Jom</strong></span> <span class='ocrx_word' id='word_1_286' title='bbox 444 3996 531 4059; x_wconf 79' lang='lat' dir='ltr'><strong>vero,</strong></span> <span class='ocrx_word' id='word_1_287' title='bbox 563 3999 637 4057; x_wconf 89' lang='lat' dir='ltr'><strong>qnae</strong></span> <span class='ocrx_word' id='word_1_288' title='bbox 667 3985 758 4046; x_wconf 77' lang='lat' dir='ltr'><strong>Paulo</strong></span> <span class='ocrx_word' id='word_1_289' title='bbox 798 3987 970 4047; x_wconf 79' lang='lat' dir='ltr'><strong>[lamascum</strong></span> <span class='ocrx_word' id='word_1_290' title='bbox 1003 3985 1195 4058; x_wconf 75' lang='lat' dir='ltr'><strong>proficiscenti</strong></span> 
     </span>
     <span class='ocr_line' id='line_1_37' title="bbox 134 4081 1195 4166; baseline 0.004 -24"><span class='ocrx_word' id='word_1_291' title='bbox 134 4081 302 4142; x_wconf 84' lang='lat' dir='ltr'><strong>moderante</strong></span> <span class='ocrx_word' id='word_1_292' title='bbox 328 4084 391 4142; x_wconf 83' lang='lat' dir='ltr'><strong>lteo</strong></span> <span class='ocrx_word' id='word_1_293' title='bbox 418 4082 520 4158; x_wconf 70' lang='lat' dir='ltr'><strong>obtigit</strong></span> <span class='ocrx_word' id='word_1_294' title='bbox 540 4083 624 4161; x_wconf 85' lang='lat' dir='ltr'><strong>visio,</strong></span> <span class='ocrx_word' id='word_1_295' title='bbox 644 4088 701 4143; x_wconf 86' lang='lat' dir='ltr'><strong>tam</strong></span> <span class='ocrx_word' id='word_1_296' title='bbox 721 4089 850 4162; x_wconf 77' lang='lat' dir='ltr'><strong>grovltcr</strong></span> <span class='ocrx_word' id='word_1_297' title='bbox 869 4089 993 4147; x_wconf 77' lang='lat' dir='ltr'><strong>smmum</strong></span> <span class='ocrx_word' id='word_1_298' title='bbox 1013 4087 1144 4166; x_wconf 84' lang='lat' dir='ltr'><strong>perculit,</strong></span> <span class='ocrx_word' id='word_1_299' title='bbox 1164 4092 1195 4147; x_wconf 84' lang='lat' dir='ltr'><strong>ut</strong></span> 
     </span>
    </p>
   </div>
   <div class='ocr_carea' id='block_1_3' title="bbox 135 4183 1194 4268">
    <p class='ocr_par' dir='ltr' id='par_1_4' title="bbox 135 4183 1194 4268">
     <span class='ocr_line' id='line_1_38' title="bbox 135 4183 1194 4268; baseline 0.008 -25"><span class='ocrx_word' id='word_1_300' title='bbox 135 4185 340 4258; x_wconf 85' lang='lat' dir='ltr'><strong>perspicuitate</strong></span> <span class='ocrx_word' id='word_1_301' title='bbox 365 4199 477 4246; x_wconf 84' lang='lat' dir='ltr'><strong>summa</strong></span> <span class='ocrx_word' id='word_1_302' title='bbox 505 4183 605 4248; x_wconf 77' lang='lat' dir='ltr'><strong>desum</strong></span> <span class='ocrx_word' id='word_1_303' title='bbox 637 4196 810 4268; x_wconf 65' lang='lat' dir='ltr'><strong>agnosceret</strong></span> <span class='ocrx_word' id='word_1_304' title='bbox 836 4189 926 4250; x_wconf 82' lang='lat' dir='ltr'><strong>tilium</strong></span> <span class='ocrx_word' id='word_1_305' title='bbox 952 4189 1015 4251; x_wconf 77' lang='lat' dir='ltr'><strong>lici.</strong></span> <span class='ocrx_word' id='word_1_306' title='bbox 1062 4189 1112 4252; x_wconf 72' lang='lat' dir='ltr'><strong>At</strong></span> <span class='ocrx_word' id='word_1_307' title='bbox 1137 4189 1194 4252; x_wconf 84' lang='lat' dir='ltr'><strong>hoo</strong></span> 
     </span>
    </p>
   </div>
   <div class='ocr_carea' id='block_1_4' title="bbox 0 0 1376 4824">
    <p class='ocr_par' dir='ltr' id='par_1_5' title="bbox 0 0 1376 4824">
     <span class='ocr_line' id='line_1_39' title="bbox 0 0 1376 4824; baseline 0 2"><span class='ocrx_word' id='word_1_308' title='bbox 0 0 1376 4824; x_wconf 95' lang='lat' dir='ltr'><strong> </strong></span> 
     </span>
    </p>
   </div>
  </div>
 </body>
</html>
