<?xml version="1.0" encoding="UTF-8"?>
<!DOCTYPE html PUBLIC "-//W3C//DTD XHTML 1.0 Transitional//EN"
    "http://www.w3.org/TR/xhtml1/DTD/xhtml1-transitional.dtd">
<html xmlns="http://www.w3.org/1999/xhtml" xml:lang="en" lang="en">
 <head>
  <title>
</title>
<meta http-equiv="Content-Type" content="text/html;charset=utf-8" />
  <meta name='ocr-system' content='tesseract 3.04.00' />
  <meta name='ocr-capabilities' content='ocr_page ocr_carea ocr_par ocr_line ocrx_word'/>
</head>
<body>
  <div class='ocr_page' id='page_1' title='image "./epistolaepaulia01schogoog_0351.png"; bbox 0 0 2744 4824; ppageno 0'>
   <div class='ocr_carea' id='block_1_1' title="bbox 199 369 1097 461">
    <p class='ocr_par' dir='ltr' id='par_1_1' title="bbox 199 369 1097 461">
     <span class='ocr_line' id='line_1_1' title="bbox 199 369 1097 461; baseline 0.001 -20"><span class='ocrx_word' id='word_1_1' title='bbox 199 369 280 442; x_wconf 73' lang='lat'>³36</span> <span class='ocrx_word' id='word_1_2' title='bbox 360 370 516 461; x_wconf 73' lang='lat' dir='ltr'><strong>Epistola</strong></span> <span class='ocrx_word' id='word_1_3' title='bbox 536 373 578 440; x_wconf 89' lang='lat' dir='ltr'>ad</span> <span class='ocrx_word' id='word_1_4' title='bbox 601 369 756 440; x_wconf 77' lang='lat' dir='ltr'><strong>Galatas.</strong></span> <span class='ocrx_word' id='word_1_5' title='bbox 780 370 818 439; x_wconf 82' lang='grc' dir='ltr'>Ο.</span> <span class='ocrx_word' id='word_1_6' title='bbox 834 370 862 437; x_wconf 89' lang='grc' dir='ltr'>Ι.</span> <span class='ocrx_word' id='word_1_7' title='bbox 891 371 934 442; x_wconf 76' lang='lat' dir='ltr'>V.</span> <span class='ocrx_word' id='word_1_8' title='bbox 953 371 1097 442; x_wconf 80' lang='grc'><strong><em>6-10.</em></strong></span> 
     </span>
    </p>
   </div>
   <div class='ocr_carea' id='block_1_2' title="bbox 94 544 1343 4168">
    <p class='ocr_par' dir='ltr' id='par_1_2' title="bbox 144 503 1343 1336">
     <span class='ocr_line' id='line_1_2' title="bbox 199 544 1285 627; baseline -0.002 -17"><span class='ocrx_word' id='word_1_9' title='bbox 199 549 357 625; x_wconf 68' lang='lat' dir='ltr'>annon,</span> <span class='ocrx_word' id='word_1_10' title='bbox 375 563 414 608; x_wconf 78' lang='grc' dir='ltr'>ιι</span> <span class='ocrx_word' id='word_1_11' title='bbox 433 544 577 627; x_wconf 61' lang='lat' dir='ltr'>nemp-</span> <span class='ocrx_word' id='word_1_12' title='bbox 589 547 650 608; x_wconf 67' lang='grc' dir='ltr'>εει</span> <span class='ocrx_word' id='word_1_13' title='bbox 666 544 724 608; x_wconf 80' lang='lat' dir='ltr'>da</span> <span class='ocrx_word' id='word_1_14' title='bbox 741 551 834 608; x_wconf 71' lang='lat' dir='ltr'>exsut</span> <span class='ocrx_word' id='word_1_15' title='bbox 853 547 935 608; x_wconf 70' lang='lat' dir='ltr'>vern</span> <span class='ocrx_word' id='word_1_16' title='bbox 956 544 1078 612; x_wconf 65' lang='lat' dir='ltr'>adom</span> <span class='ocrx_word' id='word_1_17' title='bbox 1097 545 1285 626; x_wconf 59' lang='lat' dir='ltr'>mnsam</span> 
     </span>
     <span class='ocr_line' id='line_1_3' title="bbox 200 648 1283 731; baseline 0 -21"><span class='ocrx_word' id='word_1_18' title='bbox 200 651 261 731; x_wconf 88' lang='lat' dir='ltr'>ilii,</span> <span class='ocrx_word' id='word_1_19' title='bbox 290 665 374 726; x_wconf 88' lang='lat' dir='ltr'>quam</span> <span class='ocrx_word' id='word_1_20' title='bbox 399 665 488 724; x_wconf 85' lang='lat' dir='ltr'>supra</span> <span class='ocrx_word' id='word_1_21' title='bbox 513 649 721 728; x_wconf 77' lang='lat' dir='ltr'>eognovimus,</span> <span class='ocrx_word' id='word_1_22' title='bbox 747 648 870 708; x_wconf 84' lang='lat' dir='ltr'>maxime</span> <span class='ocrx_word' id='word_1_23' title='bbox 896 655 1036 726; x_wconf 80' lang='lat' dir='ltr'>cognata:</span> <span class='ocrx_word' id='word_1_24' title='bbox 1060 652 1190 726; x_wconf 80' lang='lat' dir='ltr'>placare</span> <span class='ocrx_word' id='word_1_25' title='bbox 1211 653 1283 710; x_wconf 81' lang='lat' dir='ltr'>nti-</span> 
     </span>
     <span class='ocr_line' id='line_1_4' title="bbox 201 749 1343 831; baseline -0.001 -19"><span class='ocrx_word' id='word_1_26' title='bbox 201 767 307 831; x_wconf 81' lang='lat' dir='ltr'>quom,</span> <span class='ocrx_word' id='word_1_27' title='bbox 327 754 384 812; x_wconf 64' lang='lat' dir='ltr'>etot</span> <span class='ocrx_word' id='word_1_28' title='bbox 403 753 526 828; x_wconf 79' lang='lat' dir='ltr'>suisque</span> <span class='ocrx_word' id='word_1_29' title='bbox 543 751 682 827; x_wconf 77' lang='lat' dir='ltr'>portibus</span> <span class='ocrx_word' id='word_1_30' title='bbox 703 753 880 827; x_wconf 70' lang='lat' dir='ltr'>venditare,</span> <span class='ocrx_word' id='word_1_31' title='bbox 896 755 1030 828; x_wconf 76' lang='lat' dir='ltr'>pretium</span> <span class='ocrx_word' id='word_1_32' title='bbox 1048 755 1113 812; x_wconf 77' lang='lat' dir='ltr'>etus</span> <span class='ocrx_word' id='word_1_33' title='bbox 1134 753 1282 828; x_wconf 68' lang='lat' dir='ltr'>totunm</span> <span class='ocrx_word' id='word_1_34' title='bbox 1342 749 1343 752; x_wconf 72' lang='grc'>’</span> 
     </span>
     <span class='ocr_line' id='line_1_5' title="bbox 204 851 1282 930; baseline 0 -18"><span class='ocrx_word' id='word_1_35' title='bbox 204 852 299 930; x_wconf 84' lang='lat' dir='ltr'>(quod</span> <span class='ocrx_word' id='word_1_36' title='bbox 319 854 520 928; x_wconf 74' lang='lat' dir='ltr'>persuadendo</span> <span class='ocrx_word' id='word_1_37' title='bbox 541 851 605 912; x_wconf 83' lang='lat' dir='ltr'>fleri</span> <span class='ocrx_word' id='word_1_38' title='bbox 629 851 730 929; x_wconf 81' lang='lat' dir='ltr'>solet).</span> <span class='ocrx_word' id='word_1_39' title='bbox 772 851 965 913; x_wconf 71' lang='lat' dir='ltr'>iremberto</span> <span class='ocrx_word' id='word_1_40' title='bbox 991 852 1068 912; x_wconf 90' lang='lat' dir='ltr'>enim</span> <span class='ocrx_word' id='word_1_41' title='bbox 1087 853 1217 912; x_wconf 79' lang='lat' dir='ltr'>Bosio</span> <span class='ocrx_word' id='word_1_42' title='bbox 1241 856 1282 912; x_wconf 79' lang='lat' dir='ltr'>dc</span> 
     </span>
     <span class='ocr_line' id='line_1_6' title="bbox 200 941 1322 1033; baseline -0.001 -20"><span class='ocrx_word' id='word_1_43' title='bbox 200 941 293 1029; x_wconf 69' lang='lat' dir='ltr'>stupe.</span> <span class='ocrx_word' id='word_1_44' title='bbox 311 955 357 1012; x_wconf 84' lang='lat' dir='ltr'>cd.</span> <span class='ocrx_word' id='word_1_45' title='bbox 370 951 523 1028; x_wconf 78' lang='lat' dir='ltr'>Scbnofer.</span> <span class='ocrx_word' id='word_1_46' title='bbox 535 971 568 1029; x_wconf 85' lang='lat' dir='ltr'>p.</span> <span class='ocrx_word' id='word_1_47' title='bbox 582 954 656 1012; x_wconf 79' lang='grc'><strong><em>680.</em></strong></span> <span class='ocrx_word' id='word_1_48' title='bbox 676 958 705 1012; x_wconf 91' lang='lat' dir='ltr'>et</span> <span class='ocrx_word' id='word_1_49' title='bbox 724 951 938 1012; x_wconf 78' lang='lat' dir='ltr'>Fritzachio</span> <span class='ocrx_word' id='word_1_50' title='bbox 958 954 997 1014; x_wconf 80' lang='lat' dir='ltr'>ad</span> <span class='ocrx_word' id='word_1_51' title='bbox 1015 956 1127 1016; x_wconf 79' lang='lat' dir='ltr'>Mattte</span> <span class='ocrx_word' id='word_1_52' title='bbox 1139 957 1200 1033; x_wconf 78' lang='lat'>28,</span> <span class='ocrx_word' id='word_1_53' title='bbox 1215 953 1280 1012; x_wconf 79' lang='grc'>14.</span> <span class='ocrx_word' id='word_1_54' title='bbox 1317 947 1322 954; x_wconf 80' lang='grc'><strong>’</strong></span> 
     </span>
     <span class='ocr_line' id='line_1_7' title="bbox 144 1054 1280 1132; baseline 0.002 -18"><span class='ocrx_word' id='word_1_55' title='bbox 144 1080 148 1090; x_wconf 89' lang='grc'><strong><em>·</em></strong></span> <span class='ocrx_word' id='word_1_56' title='bbox 198 1054 278 1114; x_wconf 83' lang='lat' dir='ltr'>iilam</span> <span class='ocrx_word' id='word_1_57' title='bbox 298 1055 382 1113; x_wconf 89' lang='lat' dir='ltr'>verbi</span> <span class='ocrx_word' id='word_1_58' title='bbox 402 1058 570 1127; x_wconf 82' lang='lat' dir='ltr'>potestatem</span> <span class='ocrx_word' id='word_1_59' title='bbox 590 1054 838 1132; x_wconf 78' lang='lat' dir='ltr'>impugnantibus,</span> <span class='ocrx_word' id='word_1_60' title='bbox 858 1070 896 1112; x_wconf 86' lang='lat' dir='ltr'>cx</span> <span class='ocrx_word' id='word_1_61' title='bbox 909 1054 994 1112; x_wconf 77' lang='grc' dir='ltr'>Ν.οι</span> <span class='ocrx_word' id='word_1_62' title='bbox 1007 1057 1178 1130; x_wconf 84' lang='lat' dir='ltr'>opponimus</span> <span class='ocrx_word' id='word_1_63' title='bbox 1192 1061 1280 1116; x_wconf 85' lang='lat' dir='ltr'>certe</span> 
     </span>
     <span class='ocr_line' id='line_1_8' title="bbox 199 1154 1276 1235; baseline 0.002 -21"><span class='ocrx_word' id='word_1_64' title='bbox 199 1155 276 1233; x_wconf 77' lang='lat' dir='ltr'>(nisi</span> <span class='ocrx_word' id='word_1_65' title='bbox 296 1157 380 1216; x_wconf 82' lang='lat' dir='ltr'>etiam</span> <span class='ocrx_word' id='word_1_66' title='bbox 400 1154 479 1216; x_wconf 80' lang='lat' dir='ltr'>Acti.</span> <span class='ocrx_word' id='word_1_67' title='bbox 494 1157 548 1233; x_wconf 77' lang='lat' dir='ltr'>tc,</span> <span class='ocrx_word' id='word_1_68' title='bbox 560 1158 613 1216; x_wconf 75' lang='lat'>20.</span> <span class='ocrx_word' id='word_1_69' title='bbox 632 1154 692 1214; x_wconf 89' lang='lat' dir='ltr'>buo</span> <span class='ocrx_word' id='word_1_70' title='bbox 712 1157 824 1214; x_wconf 80' lang='lat' dir='ltr'>reterre</span> <span class='ocrx_word' id='word_1_71' title='bbox 842 1155 989 1234; x_wconf 82' lang='lat' dir='ltr'>volueris)</span> <span class='ocrx_word' id='word_1_72' title='bbox 1010 1157 1164 1216; x_wconf 72' lang='lat' dir='ltr'>formulam</span> <span class='ocrx_word' id='word_1_73' title='bbox 1185 1177 1276 1235; x_wconf 79' lang='grc' dir='ltr'><strong><em>καρ-</em></strong></span> 
     </span>
     <span class='ocr_line' id='line_1_9' title="bbox 201 1248 1277 1336; baseline 0.002 -20"><span class='ocrx_word' id='word_1_74' title='bbox 201 1253 272 1320; x_wconf 75' lang='grc' dir='ltr'>δίαν</span> <span class='ocrx_word' id='word_1_75' title='bbox 301 1248 416 1317; x_wconf 74' lang='grc' dir='ltr'><em>ἑαυτοῦ</em></span> <span class='ocrx_word' id='word_1_76' title='bbox 444 1252 567 1316; x_wconf 75' lang='grc' dir='ltr'><em>πείθειν</em></span> <span class='ocrx_word' id='word_1_77' title='bbox 594 1257 744 1336; x_wconf 77' lang='lat' dir='ltr'>1.Jo.3,</span> <span class='ocrx_word' id='word_1_78' title='bbox 769 1258 838 1334; x_wconf 76' lang='lat' dir='ltr'>tu,</span> <span class='ocrx_word' id='word_1_79' title='bbox 866 1256 950 1316; x_wconf 84' lang='lat' dir='ltr'>cuius</span> <span class='ocrx_word' id='word_1_80' title='bbox 968 1257 1165 1333; x_wconf 70' lang='lat' dir='ltr'><strong>interpretatio</strong></span> <span class='ocrx_word' id='word_1_81' title='bbox 1187 1273 1277 1318; x_wconf 83' lang='lat' dir='ltr'>eom-</span> 
     </span>
    </p>

    <p class='ocr_par' dir='ltr' id='par_1_3' title="bbox 172 1353 1277 1640">
     <span class='ocr_line' id='line_1_10' title="bbox 172 1353 1276 1436; baseline 0 -18"><span class='ocrx_word' id='word_1_82' title='bbox 172 1353 174 1360; x_wconf 83' lang='lat'>&#39;</span> <span class='ocrx_word' id='word_1_83' title='bbox 201 1359 287 1418; x_wconf 79' lang='lat' dir='ltr'>moda</span> <span class='ocrx_word' id='word_1_84' title='bbox 305 1359 358 1417; x_wconf 72' lang='lat' dir='ltr'>riu</span> <span class='ocrx_word' id='word_1_85' title='bbox 377 1362 456 1434; x_wconf 79' lang='lat' dir='ltr'>patet</span> <span class='ocrx_word' id='word_1_86' title='bbox 476 1356 533 1418; x_wconf 88' lang='lat' dir='ltr'>nisi</span> <span class='ocrx_word' id='word_1_87' title='bbox 551 1358 640 1418; x_wconf 75' lang='lat' dir='ltr'>boeot</span> <span class='ocrx_word' id='word_1_88' title='bbox 667 1357 792 1418; x_wconf 87' lang='lat' dir='ltr'>animum</span> <span class='ocrx_word' id='word_1_89' title='bbox 811 1358 930 1434; x_wconf 83' lang='lat' dir='ltr'>plaeere</span> <span class='ocrx_word' id='word_1_90' title='bbox 949 1377 973 1416; x_wconf 90' lang='lat' dir='ltr'>a.</span> <span class='ocrx_word' id='word_1_91' title='bbox 995 1359 1179 1436; x_wconf 74' lang='lat' dir='ltr'>tranquillum</span> <span class='ocrx_word' id='word_1_92' title='bbox 1198 1359 1276 1418; x_wconf 83' lang='lat' dir='ltr'>red-</span> 
     </span>
     <span class='ocr_line' id='line_1_11' title="bbox 204 1459 1277 1550; baseline 0.002 -31"><span class='ocrx_word' id='word_1_93' title='bbox 204 1461 274 1520; x_wconf 86' lang='lat' dir='ltr'>dere</span> <span class='ocrx_word' id='word_1_94' title='bbox 293 1459 370 1537; x_wconf 78' lang='lat' dir='ltr'>(cir.</span> <span class='ocrx_word' id='word_1_95' title='bbox 384 1460 511 1520; x_wconf 83' lang='lat' dir='ltr'>Ltioke</span> <span class='ocrx_word' id='word_1_96' title='bbox 531 1461 569 1517; x_wconf 85' lang='lat' dir='ltr'>nd</span> <span class='ocrx_word' id='word_1_97' title='bbox 589 1459 619 1517; x_wconf 89' lang='lat' dir='ltr'>b.</span> <span class='ocrx_word' id='word_1_98' title='bbox 631 1461 680 1538; x_wconf 83' lang='grc'>1.).</span> <span class='ocrx_word' id='word_1_99' title='bbox 709 1460 776 1520; x_wconf 88' lang='lat' dir='ltr'>Neo</span> <span class='ocrx_word' id='word_1_100' title='bbox 796 1459 908 1536; x_wconf 84' lang='lat' dir='ltr'>desunt,</span> <span class='ocrx_word' id='word_1_101' title='bbox 928 1475 1003 1536; x_wconf 84' lang='lat' dir='ltr'>quae</span> <span class='ocrx_word' id='word_1_102' title='bbox 1021 1459 1081 1550; x_wconf 73' lang='lat' dir='ltr'>buc</span> <span class='ocrx_word' id='word_1_103' title='bbox 1100 1461 1277 1538; x_wconf 80' lang='lat' dir='ltr'>pertineant,</span> 
     </span>
     <span class='ocr_line' id='line_1_12' title="bbox 200 1560 1274 1640; baseline 0.004 -20"><span class='ocrx_word' id='word_1_104' title='bbox 200 1563 278 1636; x_wconf 88' lang='lat' dir='ltr'>apud</span> <span class='ocrx_word' id='word_1_105' title='bbox 297 1564 449 1636; x_wconf 80' lang='lat' dir='ltr'>profanos:</span> <span class='ocrx_word' id='word_1_106' title='bbox 476 1561 648 1624; x_wconf 71' lang='lat' dir='ltr'>momentu</span> <span class='ocrx_word' id='word_1_107' title='bbox 660 1581 694 1638; x_wconf 84' lang='grc' dir='ltr'>α,</span> <span class='ocrx_word' id='word_1_108' title='bbox 712 1577 740 1620; x_wconf 83' lang='lat' dir='ltr'>c.</span> <span class='ocrx_word' id='word_1_109' title='bbox 756 1563 829 1621; x_wconf 89' lang='grc'><strong><em>100.</em></strong></span> <span class='ocrx_word' id='word_1_110' title='bbox 859 1560 894 1638; x_wconf 81' lang='grc' dir='ltr'>ζ,</span> <span class='ocrx_word' id='word_1_111' title='bbox 913 1577 939 1619; x_wconf 83' lang='lat' dir='ltr'>n.</span> <span class='ocrx_word' id='word_1_112' title='bbox 951 1563 1003 1620; x_wconf 76' lang='lat'>51.</span> <span class='ocrx_word' id='word_1_113' title='bbox 1024 1564 1133 1638; x_wconf 63' lang='lat' dir='ltr'>[turin</span> <span class='ocrx_word' id='word_1_114' title='bbox 1146 1565 1274 1640; x_wconf 73' lang='lat' dir='ltr'>Hippot</span> 
     </span>
    </p>

    <p class='ocr_par' dir='ltr' id='par_1_4' title="bbox 124 1660 1274 1938">
     <span class='ocr_line' id='line_1_13' title="bbox 124 1660 1274 1740; baseline 0.003 -19"><span class='ocrx_word' id='word_1_115' title='bbox 124 1676 128 1684; x_wconf 62' lang='lat'><strong>¹</strong></span> <span class='ocrx_word' id='word_1_116' title='bbox 201 1679 231 1721; x_wconf 82' lang='lat' dir='ltr'>a.</span> <span class='ocrx_word' id='word_1_117' title='bbox 247 1663 343 1722; x_wconf 85' lang='grc'><strong><em>1000.</em></strong></span> <span class='ocrx_word' id='word_1_118' title='bbox 356 1677 419 1739; x_wconf 80' lang='lat' dir='ltr'>sqq.</span> <span class='ocrx_word' id='word_1_119' title='bbox 461 1661 524 1720; x_wconf 77' lang='lat' dir='ltr'>cfr.</span> <span class='ocrx_word' id='word_1_120' title='bbox 544 1663 689 1740; x_wconf 82' lang='lat' dir='ltr'>Borger</span> <span class='ocrx_word' id='word_1_121' title='bbox 709 1663 749 1721; x_wconf 87' lang='lat' dir='ltr'>ad</span> <span class='ocrx_word' id='word_1_122' title='bbox 775 1661 805 1720; x_wconf 88' lang='lat' dir='ltr'>b.</span> <span class='ocrx_word' id='word_1_123' title='bbox 825 1661 845 1720; x_wconf 83' lang='lat'>1.</span> <span class='ocrx_word' id='word_1_124' title='bbox 867 1660 1071 1724; x_wconf 85' lang='lat' dir='ltr'>Schneider</span> <span class='ocrx_word' id='word_1_125' title='bbox 1091 1664 1274 1724; x_wconf 75' lang='lat' dir='ltr'>Hmndmdr-</span> 
     </span>
     <span class='ocr_line' id='line_1_14' title="bbox 201 1759 1274 1826; baseline -0.001 -1"><span class='ocrx_word' id='word_1_126' title='bbox 201 1767 325 1825; x_wconf 80' lang='lat' dir='ltr'>tcrtmcb</span> <span class='ocrx_word' id='word_1_127' title='bbox 352 1770 406 1822; x_wconf 82' lang='lat' dir='ltr'>etc.</span> <span class='ocrx_word' id='word_1_128' title='bbox 433 1777 493 1821; x_wconf 83' lang='lat' dir='ltr'>con</span> <span class='ocrx_word' id='word_1_129' title='bbox 518 1763 667 1822; x_wconf 83' lang='lat' dir='ltr'>Passow</span> <span class='ocrx_word' id='word_1_130' title='bbox 692 1763 759 1821; x_wconf 85' lang='lat' dir='ltr'>Vol</span> <span class='ocrx_word' id='word_1_131' title='bbox 780 1765 820 1824; x_wconf 89' lang='lat'>11.</span> <span class='ocrx_word' id='word_1_132' title='bbox 849 1765 902 1822; x_wconf 89' lang='lat' dir='ltr'>sub</span> <span class='ocrx_word' id='word_1_133' title='bbox 923 1780 951 1822; x_wconf 82' lang='lat' dir='ltr'>r.</span> <span class='ocrx_word' id='word_1_134' title='bbox 973 1759 1102 1826; x_wconf 74' lang='grc' dir='ltr'>πείθειν.</span> <span class='ocrx_word' id='word_1_135' title='bbox 1144 1766 1274 1824; x_wconf 81' lang='lat' dir='ltr'>Proinde</span> 
     </span>
     <span class='ocr_line' id='line_1_15' title="bbox 200 1863 1273 1938; baseline -0.001 -13"><span class='ocrx_word' id='word_1_136' title='bbox 200 1881 259 1925; x_wconf 86' lang='lat' dir='ltr'>non</span> <span class='ocrx_word' id='word_1_137' title='bbox 286 1864 448 1923; x_wconf 78' lang='lat' dir='ltr'><strong>dubitamus</strong></span> <span class='ocrx_word' id='word_1_138' title='bbox 482 1877 548 1920; x_wconf 88' lang='lat' dir='ltr'>curn</span> <span class='ocrx_word' id='word_1_139' title='bbox 576 1863 765 1936; x_wconf 79' lang='lat' dir='ltr'>Chrysost.</span> <span class='ocrx_word' id='word_1_140' title='bbox 794 1863 989 1938; x_wconf 77' lang='lat' dir='ltr'>uhonpbyt</span> <span class='ocrx_word' id='word_1_141' title='bbox 1023 1864 1153 1925; x_wconf 75' lang='lat' dir='ltr'>tinctio</span> <span class='ocrx_word' id='word_1_142' title='bbox 1186 1867 1273 1924; x_wconf 74' lang='lat' dir='ltr'>Els-</span> 
     </span>
    </p>

    <p class='ocr_par' dir='ltr' id='par_1_5' title="bbox 109 1957 1343 2246">
     <span class='ocr_line' id='line_1_16' title="bbox 109 1957 1272 2042; baseline -0.002 -16"><span class='ocrx_word' id='word_1_143' title='bbox 109 1957 110 1964; x_wconf 58' lang='lat'><em>&#39;</em></span> <span class='ocrx_word' id='word_1_144' title='bbox 200 1982 289 2026; x_wconf 89' lang='lat' dir='ltr'>nero</span> <span class='ocrx_word' id='word_1_145' title='bbox 323 1961 466 2024; x_wconf 86' lang='lat' dir='ltr'>Woliio</span> <span class='ocrx_word' id='word_1_146' title='bbox 507 1963 609 2024; x_wconf 86' lang='lat' dir='ltr'>Moro</span> <span class='ocrx_word' id='word_1_147' title='bbox 648 1965 791 2038; x_wconf 85' lang='lat' dir='ltr'>Kopplo</span> <span class='ocrx_word' id='word_1_148' title='bbox 825 1966 989 2042; x_wconf 80' lang='lat' dir='ltr'>Borgero</span> <span class='ocrx_word' id='word_1_149' title='bbox 1031 1965 1167 2026; x_wconf 75' lang='lat' dir='ltr'>Flbttio</span> <span class='ocrx_word' id='word_1_150' title='bbox 1191 1967 1272 2026; x_wconf 89' lang='lat' dir='ltr'>Wi-</span> 
     </span>
     <span class='ocr_line' id='line_1_17' title="bbox 200 2065 1272 2144; baseline 0.001 -17"><span class='ocrx_word' id='word_1_151' title='bbox 200 2082 287 2127; x_wconf 88' lang='lat' dir='ltr'>nero</span> <span class='ocrx_word' id='word_1_152' title='bbox 314 2065 502 2127; x_wconf 83' lang='lat' dir='ltr'>Rdokerto</span> <span class='ocrx_word' id='word_1_153' title='bbox 528 2066 722 2138; x_wconf 78' lang='lat' dir='ltr'>interpretari:</span> <span class='ocrx_word' id='word_1_154' title='bbox 748 2068 921 2126; x_wconf 81' lang='lat' dir='ltr'>tronttoesnc</span> <span class='ocrx_word' id='word_1_155' title='bbox 946 2069 1026 2126; x_wconf 82' lang='lat' dir='ltr'>enim</span> <span class='ocrx_word' id='word_1_156' title='bbox 1051 2068 1109 2128; x_wconf 83' lang='lat' dir='ltr'>ton</span> <span class='ocrx_word' id='word_1_157' title='bbox 1135 2074 1272 2144; x_wconf 80' lang='lat' dir='ltr'>ternpore</span> 
     </span>
     <span class='ocr_line' id='line_1_18' title="bbox 203 2167 1343 2246; baseline 0.002 -20"><span class='ocrx_word' id='word_1_158' title='bbox 203 2167 240 2246; x_wconf 83' lang='lat' dir='ltr'>(i.</span> <span class='ocrx_word' id='word_1_159' title='bbox 262 2184 287 2226; x_wconf 89' lang='lat' dir='ltr'>e.</span> <span class='ocrx_word' id='word_1_160' title='bbox 309 2183 345 2224; x_wconf 84' lang='lat' dir='ltr'>ex</span> <span class='ocrx_word' id='word_1_161' title='bbox 366 2182 422 2241; x_wconf 89' lang='lat' dir='ltr'>quo</span> <span class='ocrx_word' id='word_1_162' title='bbox 444 2182 602 2225; x_wconf 86' lang='lat' dir='ltr'>conversus</span> <span class='ocrx_word' id='word_1_163' title='bbox 623 2182 686 2225; x_wconf 92' lang='lat' dir='ltr'>sum</span> <span class='ocrx_word' id='word_1_164' title='bbox 706 2167 745 2225; x_wconf 88' lang='lat' dir='ltr'>ad</span> <span class='ocrx_word' id='word_1_165' title='bbox 766 2167 932 2244; x_wconf 82' lang='lat' dir='ltr'>Christum,</span> <span class='ocrx_word' id='word_1_166' title='bbox 954 2185 1011 2225; x_wconf 91' lang='lat' dir='ltr'>non</span> <span class='ocrx_word' id='word_1_167' title='bbox 1031 2169 1201 2242; x_wconf 87' lang='lat' dir='ltr'>ampliosiis</span> <span class='ocrx_word' id='word_1_168' title='bbox 1213 2171 1272 2230; x_wconf 82' lang='lat' dir='ltr'>de-</span> <span class='ocrx_word' id='word_1_169' title='bbox 1342 2199 1343 2204; x_wconf 18' lang='grc' dir='ltr'>ι</span> 
     </span>
    </p>

    <p class='ocr_par' dir='ltr' id='par_1_6' title="bbox 144 2268 1271 3154">
     <span class='ocr_line' id='line_1_19' title="bbox 144 2268 1270 2346; baseline -0.004 -16"><span class='ocrx_word' id='word_1_170' title='bbox 144 2285 146 2290; x_wconf 92' lang='grc'><strong><em>·</em></strong></span> <span class='ocrx_word' id='word_1_171' title='bbox 200 2272 292 2346; x_wconf 89' lang='lat' dir='ltr'>ditus,</span> <span class='ocrx_word' id='word_1_172' title='bbox 318 2285 392 2344; x_wconf 88' lang='lat' dir='ltr'>quae</span> <span class='ocrx_word' id='word_1_173' title='bbox 411 2269 531 2328; x_wconf 80' lang='lat' dir='ltr'>Judseis</span> <span class='ocrx_word' id='word_1_174' title='bbox 558 2269 651 2344; x_wconf 83' lang='lat' dir='ltr'>potios</span> <span class='ocrx_word' id='word_1_175' title='bbox 679 2284 763 2342; x_wconf 85' lang='lat' dir='ltr'>quam</span> <span class='ocrx_word' id='word_1_176' title='bbox 790 2270 852 2326; x_wconf 83' lang='lat' dir='ltr'>Deo</span> <span class='ocrx_word' id='word_1_177' title='bbox 877 2270 1046 2346; x_wconf 81' lang='lat' dir='ltr'>probantur,</span> <span class='ocrx_word' id='word_1_178' title='bbox 1073 2285 1102 2326; x_wconf 90' lang='lat' dir='ltr'>v.</span> <span class='ocrx_word' id='word_1_179' title='bbox 1119 2268 1169 2326; x_wconf 84' lang='lat'>13.</span> <span class='ocrx_word' id='word_1_180' title='bbox 1188 2272 1270 2346; x_wconf 82' lang='lat' dir='ltr'>sqq.)</span> 
     </span>
     <span class='ocr_line' id='line_1_20' title="bbox 199 2363 1271 2450; baseline 0 -18"><span class='ocrx_word' id='word_1_181' title='bbox 199 2373 274 2432; x_wconf 78' lang='lat' dir='ltr'>mibi</span> <span class='ocrx_word' id='word_1_182' title='bbox 294 2372 454 2430; x_wconf 61' lang='lat' dir='ltr'>conditore</span> <span class='ocrx_word' id='word_1_183' title='bbox 475 2373 558 2450; x_wconf 84' lang='lat' dir='ltr'>uoto,</span> <span class='ocrx_word' id='word_1_184' title='bbox 585 2370 758 2430; x_wconf 88' lang='lat' dir='ltr'>institutione</span> <span class='ocrx_word' id='word_1_185' title='bbox 784 2385 849 2428; x_wconf 85' lang='lat' dir='ltr'>mea</span> <span class='ocrx_word' id='word_1_186' title='bbox 869 2371 1056 2446; x_wconf 76' lang='lat' dir='ltr'>evangelice,</span> <span class='ocrx_word' id='word_1_187' title='bbox 1081 2387 1124 2428; x_wconf 85' lang='lat' dir='ltr'>an</span> <span class='ocrx_word' id='word_1_188' title='bbox 1144 2363 1271 2432; x_wconf 73' lang='lat' dir='ltr'>usum?</span> 
     </span>
     <span class='ocr_line' id='line_1_21' title="bbox 199 2467 1270 2556; baseline -0.002 -24"><span class='ocrx_word' id='word_1_189' title='bbox 199 2473 246 2556; x_wconf 78' lang='lat' dir='ltr'>Be</span> <span class='ocrx_word' id='word_1_190' title='bbox 270 2475 370 2532; x_wconf 79' lang='lat' dir='ltr'>studio</span> <span class='ocrx_word' id='word_1_191' title='bbox 400 2488 424 2529; x_wconf 79' lang='lat' dir='ltr'>s</span> <span class='ocrx_word' id='word_1_192' title='bbox 453 2477 565 2532; x_wconf 76' lang='lat' dir='ltr'>conam</span> <span class='ocrx_word' id='word_1_193' title='bbox 589 2471 781 2546; x_wconf 83' lang='lat' dir='ltr'>persuadendi</span> <span class='ocrx_word' id='word_1_194' title='bbox 808 2467 934 2532; x_wconf 72' lang='grc' dir='ltr'>πείθειν</span> <span class='ocrx_word' id='word_1_195' title='bbox 959 2471 1016 2530; x_wconf 89' lang='lat' dir='ltr'>dic.</span> <span class='ocrx_word' id='word_1_196' title='bbox 1042 2472 1182 2547; x_wconf 65' lang='lat' dir='ltr'>Xenoplr,</span> <span class='ocrx_word' id='word_1_197' title='bbox 1199 2487 1270 2542; x_wconf 54' lang='lat' dir='ltr'>,arre-</span> 
     </span>
     <span class='ocr_line' id='line_1_22' title="bbox 201 2571 1270 2650; baseline -0.003 -17"><span class='ocrx_word' id='word_1_198' title='bbox 201 2588 294 2633; x_wconf 76' lang='lat' dir='ltr'>mort.</span> <span class='ocrx_word' id='word_1_199' title='bbox 311 2574 343 2650; x_wconf 82' lang='lat' dir='ltr'>d,</span> <span class='ocrx_word' id='word_1_200' title='bbox 361 2575 395 2650; x_wconf 83' lang='lat' dir='ltr'>o,</span> <span class='ocrx_word' id='word_1_201' title='bbox 411 2572 446 2631; x_wconf 82' lang='lat'>4.</span> <span class='ocrx_word' id='word_1_202' title='bbox 467 2574 562 2634; x_wconf 73' lang='lat' dir='ltr'>Iseon</span> <span class='ocrx_word' id='word_1_203' title='bbox 582 2571 693 2648; x_wconf 78' lang='lat' dir='ltr'>Arcop.</span> <span class='ocrx_word' id='word_1_204' title='bbox 713 2588 745 2646; x_wconf 84' lang='lat' dir='ltr'>p.</span> <span class='ocrx_word' id='word_1_205' title='bbox 763 2573 836 2630; x_wconf 80' lang='grc'><strong><em>300.</em></strong></span> <span class='ocrx_word' id='word_1_206' title='bbox 858 2573 903 2628; x_wconf 87' lang='lat' dir='ltr'>ed.</span> <span class='ocrx_word' id='word_1_207' title='bbox 923 2572 1028 2630; x_wconf 75' lang='lat' dir='ltr'>Wolf.</span> <span class='ocrx_word' id='word_1_208' title='bbox 1072 2571 1182 2640; x_wconf 82' lang='lat' dir='ltr'>Quodsi</span> <span class='ocrx_word' id='word_1_209' title='bbox 1196 2587 1270 2630; x_wconf 85' lang='lat' dir='ltr'>ver-</span> 
     </span>
     <span class='ocr_line' id='line_1_23' title="bbox 200 2661 1269 2750; baseline 0.001 -18"><span class='ocrx_word' id='word_1_210' title='bbox 200 2678 264 2732; x_wconf 89' lang='lat' dir='ltr'>tere</span> <span class='ocrx_word' id='word_1_211' title='bbox 284 2661 435 2732; x_wconf 71' lang='lat' dir='ltr'>maluerim</span> <span class='ocrx_word' id='word_1_212' title='bbox 465 2676 560 2732; x_wconf 87' lang='lat' dir='ltr'>utrum</span> <span class='ocrx_word' id='word_1_213' title='bbox 579 2672 637 2732; x_wconf 92' lang='lat' dir='ltr'>boo</span> <span class='ocrx_word' id='word_1_214' title='bbox 657 2687 730 2750; x_wconf 83' lang='lat' dir='ltr'>ego,</span> <span class='ocrx_word' id='word_1_215' title='bbox 749 2677 781 2730; x_wconf 88' lang='lat' dir='ltr'>nt</span> <span class='ocrx_word' id='word_1_216' title='bbox 806 2688 880 2746; x_wconf 88' lang='lat' dir='ltr'>quae</span> <span class='ocrx_word' id='word_1_217' title='bbox 907 2671 989 2730; x_wconf 76' lang='lat' dir='ltr'>bado</span> <span class='ocrx_word' id='word_1_218' title='bbox 1013 2672 1176 2732; x_wconf 86' lang='lat' dir='ltr'>bominibus</span> <span class='ocrx_word' id='word_1_219' title='bbox 1195 2687 1269 2746; x_wconf 90' lang='lat' dir='ltr'>pro-</span> 
     </span>
     <span class='ocr_line' id='line_1_24' title="bbox 203 2765 1267 2852; baseline -0.002 -16"><span class='ocrx_word' id='word_1_220' title='bbox 203 2777 319 2852; x_wconf 91' lang='lat' dir='ltr'>bentur,</span> <span class='ocrx_word' id='word_1_221' title='bbox 340 2771 545 2850; x_wconf 82' lang='lat' dir='ltr'>on,ut1)eo‘t</span> <span class='ocrx_word' id='word_1_222' title='bbox 577 2773 626 2852; x_wconf 84' lang='lat' dir='ltr'>[ut</span> <span class='ocrx_word' id='word_1_223' title='bbox 646 2771 833 2832; x_wconf 86' lang='lat' dir='ltr'>Oecumen.</span> <span class='ocrx_word' id='word_1_224' title='bbox 855 2767 914 2832; x_wconf 75' lang='grc' dir='ltr'>τόν</span> <span class='ocrx_word' id='word_1_225' title='bbox 935 2765 1017 2834; x_wconf 68' lang='lat' dir='ltr'>dedu</span> <span class='ocrx_word' id='word_1_226' title='bbox 1038 2769 1121 2836; x_wconf 73' lang='lat' dir='ltr'>utto</span> <span class='ocrx_word' id='word_1_227' title='bbox 1144 2775 1267 2852; x_wconf 78' lang='grc' dir='ltr'><em>πληρο-</em></span> 
     </span>
     <span class='ocr_line' id='line_1_25' title="bbox 202 2859 1267 2964; baseline -0.002 -28"><span class='ocrx_word' id='word_1_228' title='bbox 202 2874 384 2964; x_wconf 74' lang='grc' dir='ltr'>φορῆσαι),</span> <span class='ocrx_word' id='word_1_229' title='bbox 415 2876 555 2950; x_wconf 88' lang='lat' dir='ltr'>quomodo</span> <span class='ocrx_word' id='word_1_230' title='bbox 579 2876 693 2956; x_wconf 80' lang='lat' dir='ltr'>leudem</span> <span class='ocrx_word' id='word_1_231' title='bbox 722 2859 796 2934; x_wconf 77' lang='lat' dir='ltr'>beeo</span> <span class='ocrx_word' id='word_1_232' title='bbox 822 2875 969 2954; x_wconf 78' lang='lat' dir='ltr'>quaestio,</span> <span class='ocrx_word' id='word_1_233' title='bbox 991 2872 1026 2934; x_wconf 84' lang='lat' dir='ltr'>ut</span> <span class='ocrx_word' id='word_1_234' title='bbox 1048 2873 1151 2932; x_wconf 83' lang='lat' dir='ltr'>rationi</span> <span class='ocrx_word' id='word_1_235' title='bbox 1176 2877 1267 2934; x_wconf 84' lang='lat' dir='ltr'>Deum</span> 
     </span>
     <span class='ocr_line' id='line_1_26' title="bbox 201 2975 1267 3054; baseline 0 -20"><span class='ocrx_word' id='word_1_236' title='bbox 201 2977 277 3035; x_wconf 87' lang='lat' dir='ltr'>luter</span> <span class='ocrx_word' id='word_1_237' title='bbox 296 2976 482 3050; x_wconf 83' lang='lat' dir='ltr'>hominesque</span> <span class='ocrx_word' id='word_1_238' title='bbox 502 2976 691 3036; x_wconf 74' lang='lat' dir='ltr'>intercedenti</span> <span class='ocrx_word' id='word_1_239' title='bbox 716 2978 806 3050; x_wconf 90' lang='lat' dir='ltr'>probe</span> <span class='ocrx_word' id='word_1_240' title='bbox 832 2975 1000 3051; x_wconf 78' lang='lat' dir='ltr'>mnvooiat,</span> <span class='ocrx_word' id='word_1_241' title='bbox 1025 2975 1148 3054; x_wconf 82' lang='lat' dir='ltr'>intelligi</span> <span class='ocrx_word' id='word_1_242' title='bbox 1168 2978 1267 3051; x_wconf 78' lang='lat' dir='ltr'>possit,</span> 
     </span>
     <span class='ocr_line' id='line_1_27' title="bbox 201 3075 1267 3154; baseline -0.005 -14"><span class='ocrx_word' id='word_1_243' title='bbox 201 3079 258 3140; x_wconf 84' lang='lat' dir='ltr'>nisi</span> <span class='ocrx_word' id='word_1_244' title='bbox 278 3078 307 3137; x_wconf 88' lang='lat' dir='ltr'>b.</span> <span class='ocrx_word' id='word_1_245' title='bbox 329 3097 352 3137; x_wconf 89' lang='lat' dir='ltr'>s.</span> <span class='ocrx_word' id='word_1_246' title='bbox 374 3079 569 3152; x_wconf 89' lang='lat' dir='ltr'>hominumue,</span> <span class='ocrx_word' id='word_1_247' title='bbox 594 3094 631 3146; x_wconf 81' lang='lat' dir='ltr'>an</span> <span class='ocrx_word' id='word_1_248' title='bbox 652 3076 706 3137; x_wconf 84' lang='lat' dir='ltr'>Dei</span> <span class='ocrx_word' id='word_1_249' title='bbox 731 3079 861 3136; x_wconf 81' lang='lat' dir='ltr'>savorem</span> <span class='ocrx_word' id='word_1_250' title='bbox 883 3078 1012 3136; x_wconf 92' lang='lat' dir='ltr'>docendo</span> <span class='ocrx_word' id='word_1_251' title='bbox 1036 3075 1110 3134; x_wconf 87' lang='lat' dir='ltr'>mibi</span> <span class='ocrx_word' id='word_1_252' title='bbox 1129 3077 1267 3154; x_wconf 80' lang='lat' dir='ltr'>colligere</span> 
     </span>
    </p>

    <p class='ocr_par' dir='ltr' id='par_1_7' title="bbox 167 3177 1323 3968">
     <span class='ocr_line' id='line_1_28' title="bbox 167 3177 1264 3255; baseline -0.005 -13"><span class='ocrx_word' id='word_1_253' title='bbox 167 3211 174 3219; x_wconf 96' lang='lat'>·</span> <span class='ocrx_word' id='word_1_254' title='bbox 201 3177 325 3242; x_wconf 77' lang='lat' dir='ltr'>student</span> <span class='ocrx_word' id='word_1_255' title='bbox 346 3180 475 3239; x_wconf 77' lang='lat' dir='ltr'>mandem</span> <span class='ocrx_word' id='word_1_256' title='bbox 496 3182 559 3240; x_wconf 85' lang='lat' dir='ltr'>tero</span> <span class='ocrx_word' id='word_1_257' title='bbox 578 3178 788 3255; x_wconf 86' lang='lat' dir='ltr'>quaestionem,</span> <span class='ocrx_word' id='word_1_258' title='bbox 809 3179 915 3238; x_wconf 66' lang='lat' dir='ltr'>nmmsa</span> <span class='ocrx_word' id='word_1_259' title='bbox 936 3179 1050 3253; x_wconf 88' lang='lat' dir='ltr'>quidem</span> <span class='ocrx_word' id='word_1_260' title='bbox 1064 3177 1264 3236; x_wconf 72' lang='lat' dir='ltr'>antitbeaitni</span> 
     </span>
     <span class='ocr_line' id='line_1_29' title="bbox 202 3272 1264 3362; baseline -0.007 -19"><span class='ocrx_word' id='word_1_261' title='bbox 202 3283 300 3354; x_wconf 74' lang='grc' dir='ltr'><strong><em>θεοῦ,</em></strong></span> <span class='ocrx_word' id='word_1_262' title='bbox 320 3297 401 3356; x_wconf 85' lang='lat' dir='ltr'>seqq.</span> <span class='ocrx_word' id='word_1_263' title='bbox 422 3281 566 3338; x_wconf 85' lang='lat' dir='ltr'>continent</span> <span class='ocrx_word' id='word_1_264' title='bbox 585 3279 680 3356; x_wconf 78' lang='lat' dir='ltr'>magis</span> <span class='ocrx_word' id='word_1_265' title='bbox 700 3281 836 3338; x_wconf 88' lang='lat' dir='ltr'>universe</span> <span class='ocrx_word' id='word_1_266' title='bbox 857 3281 1043 3340; x_wconf 72' lang='lat' dir='ltr'>enuntiatum:</span> <span class='ocrx_word' id='word_1_267' title='bbox 1063 3272 1264 3362; x_wconf 46' lang='lat' dir='ltr'>incurristis.</span> 
     </span>
     <span class='ocr_line' id='line_1_30' title="bbox 202 3371 1264 3466; baseline -0.004 -22"><span class='ocrx_word' id='word_1_268' title='bbox 202 3385 425 3462; x_wconf 70' lang='lat' dir='ltr'>mntmdusne,</span> <span class='ocrx_word' id='word_1_269' title='bbox 446 3382 510 3440; x_wconf 83' lang='lat' dir='ltr'>sive</span> <span class='ocrx_word' id='word_1_270' title='bbox 531 3381 660 3440; x_wconf 88' lang='lat' dir='ltr'>docendo</span> <span class='ocrx_word' id='word_1_271' title='bbox 680 3381 742 3456; x_wconf 83' lang='lat' dir='ltr'>det,</span> <span class='ocrx_word' id='word_1_272' title='bbox 759 3381 830 3451; x_wconf 60' lang='lat' dir='ltr'>⁸sino</span> <span class='ocrx_word' id='word_1_273' title='bbox 849 3382 980 3457; x_wconf 80' lang='lat' dir='ltr'>egendo,</span> <span class='ocrx_word' id='word_1_274' title='bbox 1004 3383 1127 3466; x_wconf 73' lang='lat' dir='ltr'>placere</span> <span class='ocrx_word' id='word_1_275' title='bbox 1154 3371 1264 3454; x_wconf 71' lang='lat' dir='ltr'>eaput</span> 
     </span>
     <span class='ocr_line' id='line_1_31' title="bbox 201 3480 1265 3559; baseline -0.008 -14"><span class='ocrx_word' id='word_1_276' title='bbox 201 3485 236 3545; x_wconf 84' lang='lat' dir='ltr'>ln</span> <span class='ocrx_word' id='word_1_277' title='bbox 257 3489 369 3558; x_wconf 88' lang='lat' dir='ltr'>promto</span> <span class='ocrx_word' id='word_1_278' title='bbox 390 3487 448 3559; x_wconf 91' lang='lat' dir='ltr'>est,</span> <span class='ocrx_word' id='word_1_279' title='bbox 469 3484 506 3541; x_wconf 91' lang='lat' dir='ltr'>de</span> <span class='ocrx_word' id='word_1_280' title='bbox 527 3481 666 3542; x_wconf 89' lang='lat' dir='ltr'>eiusmodi</span> <span class='ocrx_word' id='word_1_281' title='bbox 686 3481 810 3559; x_wconf 81' lang='lat' dir='ltr'>cogitari</span> <span class='ocrx_word' id='word_1_282' title='bbox 829 3482 923 3539; x_wconf 88' lang='lat' dir='ltr'>studio</span> <span class='ocrx_word' id='word_1_283' title='bbox 943 3481 1104 3542; x_wconf 89' lang='lat' dir='ltr'>bominibus</span> <span class='ocrx_word' id='word_1_284' title='bbox 1125 3480 1265 3556; x_wconf 76' lang='lat' dir='ltr'>placendi,</span> 
     </span>
     <span class='ocr_line' id='line_1_32' title="bbox 202 3582 1266 3662; baseline -0.004 -20"><span class='ocrx_word' id='word_1_285' title='bbox 202 3586 280 3660; x_wconf 90' lang='lat' dir='ltr'>quod</span> <span class='ocrx_word' id='word_1_286' title='bbox 300 3587 361 3643; x_wconf 86' lang='lat' dir='ltr'>Deo</span> <span class='ocrx_word' id='word_1_287' title='bbox 382 3584 533 3656; x_wconf 83' lang='lat' dir='ltr'>displiceat</span> <span class='ocrx_word' id='word_1_288' title='bbox 559 3583 885 3662; x_wconf 50' lang='grc'>(10000214),</span> <span class='ocrx_word' id='word_1_289' title='bbox 905 3600 991 3657; x_wconf 90' lang='lat' dir='ltr'>quum</span> <span class='ocrx_word' id='word_1_290' title='bbox 1011 3582 1171 3656; x_wconf 81' lang='lat' dir='ltr'>Apostolus</span> <span class='ocrx_word' id='word_1_291' title='bbox 1190 3597 1266 3638; x_wconf 91' lang='lat' dir='ltr'>nun-</span> 
     </span>
     <span class='ocr_line' id='line_1_33' title="bbox 202 3682 1264 3762; baseline -0.003 -19"><span class='ocrx_word' id='word_1_292' title='bbox 202 3701 286 3760; x_wconf 87' lang='lat' dir='ltr'>quam</span> <span class='ocrx_word' id='word_1_293' title='bbox 307 3685 491 3762; x_wconf 80' lang='lat' dir='ltr'>dubitaverit,</span> <span class='ocrx_word' id='word_1_294' title='bbox 517 3683 677 3742; x_wconf 88' lang='lat' dir='ltr'>bominibus</span> <span class='ocrx_word' id='word_1_295' title='bbox 704 3688 788 3760; x_wconf 79' lang='lat' dir='ltr'>grato</span> <span class='ocrx_word' id='word_1_296' title='bbox 814 3687 928 3759; x_wconf 81' lang='lat' dir='ltr'>tacere,</span> <span class='ocrx_word' id='word_1_297' title='bbox 953 3698 1027 3757; x_wconf 85' lang='lat' dir='ltr'>quac</span> <span class='ocrx_word' id='word_1_298' title='bbox 1056 3682 1141 3742; x_wconf 88' lang='lat' dir='ltr'>saluti</span> <span class='ocrx_word' id='word_1_299' title='bbox 1169 3698 1264 3742; x_wconf 82' lang='lat' dir='ltr'>eorrmr</span> 
     </span>
     <span class='ocr_line' id='line_1_34' title="bbox 201 3764 1263 3862; baseline -0.005 -17"><span class='ocrx_word' id='word_1_300' title='bbox 201 3802 290 3845; x_wconf 81' lang='lat' dir='ltr'>verne</span> <span class='ocrx_word' id='word_1_301' title='bbox 312 3786 506 3862; x_wconf 87' lang='lat' dir='ltr'>consulerent,</span> <span class='ocrx_word' id='word_1_302' title='bbox 532 3789 561 3844; x_wconf 91' lang='lat' dir='ltr'>et</span> <span class='ocrx_word' id='word_1_303' title='bbox 581 3800 647 3842; x_wconf 89' lang='lat' dir='ltr'>oum</span> <span class='ocrx_word' id='word_1_304' title='bbox 667 3764 819 3843; x_wconf 74' lang='lat' dir='ltr'>sanctitate</span> <span class='ocrx_word' id='word_1_305' title='bbox 837 3785 927 3842; x_wconf 81' lang='lat' dir='ltr'>cilicii</span> <span class='ocrx_word' id='word_1_306' title='bbox 947 3784 1153 3859; x_wconf 85' lang='lat' dir='ltr'>consentirent,</span> <span class='ocrx_word' id='word_1_307' title='bbox 1174 3783 1263 3842; x_wconf 87' lang='lat' dir='ltr'>adeo-</span> 
     </span>
     <span class='ocr_line' id='line_1_35' title="bbox 203 3884 1323 3968; baseline -0.003 -23"><span class='ocrx_word' id='word_1_308' title='bbox 203 3902 314 3962; x_wconf 83' lang='lat' dir='ltr'>quoae</span> <span class='ocrx_word' id='word_1_309' title='bbox 342 3887 516 3963; x_wconf 87' lang='lat' dir='ltr'>demitteret,</span> <span class='ocrx_word' id='word_1_310' title='bbox 548 3888 597 3944; x_wconf 89' lang='lat' dir='ltr'>ubi</span> <span class='ocrx_word' id='word_1_311' title='bbox 623 3885 687 3942; x_wconf 84' lang='lat' dir='ltr'>lieri</span> <span class='ocrx_word' id='word_1_312' title='bbox 711 3889 826 3960; x_wconf 84' lang='lat' dir='ltr'>posset,</span> <span class='ocrx_word' id='word_1_313' title='bbox 854 3886 892 3943; x_wconf 83' lang='lat' dir='ltr'>ed</span> <span class='ocrx_word' id='word_1_314' title='bbox 917 3884 1138 3944; x_wconf 78' lang='lat' dir='ltr'>imbeoibimtem</span> <span class='ocrx_word' id='word_1_315' title='bbox 1159 3900 1264 3958; x_wconf 86' lang='lat' dir='ltr'>eorum,</span> <span class='ocrx_word' id='word_1_316' title='bbox 1317 3951 1323 3968; x_wconf 55' lang='lat'>,</span> 
     </span>
    </p>

    <p class='ocr_par' dir='ltr' id='par_1_8' title="bbox 94 3986 1265 4168">
     <span class='ocr_line' id='line_1_36' title="bbox 94 3986 1262 4066; baseline -0.006 -17"><span class='ocrx_word' id='word_1_317' title='bbox 94 4034 97 4049; x_wconf 73' lang='grc'>,</span> <span class='ocrx_word' id='word_1_318' title='bbox 203 4003 277 4062; x_wconf 85' lang='lat' dir='ltr'>quos</span> <span class='ocrx_word' id='word_1_319' title='bbox 302 3988 414 4046; x_wconf 86' lang='lat' dir='ltr'>veritati</span> <span class='ocrx_word' id='word_1_320' title='bbox 441 3986 557 4066; x_wconf 82' lang='lat' dir='ltr'>divione</span> <span class='ocrx_word' id='word_1_321' title='bbox 583 3991 660 4046; x_wconf 85' lang='lat' dir='ltr'>esset</span> <span class='ocrx_word' id='word_1_322' title='bbox 683 3987 903 4066; x_wconf 76' lang='lat' dir='ltr'>conciliaturus,</span> <span class='ocrx_word' id='word_1_323' title='bbox 929 3987 958 4046; x_wconf 84' lang='lat'>1.</span> <span class='ocrx_word' id='word_1_324' title='bbox 977 3987 1062 4046; x_wconf 78' lang='lat' dir='ltr'>Gerr.</span> <span class='ocrx_word' id='word_1_325' title='bbox 1081 3988 1116 4064; x_wconf 80' lang='lat'>9,</span> <span class='ocrx_word' id='word_1_326' title='bbox 1135 3986 1187 4044; x_wconf 84' lang='lat'>19.</span> <span class='ocrx_word' id='word_1_327' title='bbox 1204 4001 1262 4060; x_wconf 74' lang='lat' dir='ltr'>sqq.</span> 
     </span>
     <span class='ocr_line' id='line_1_37' title="bbox 202 4067 1265 4168; baseline -0.001 -23"><span class='ocrx_word' id='word_1_328' title='bbox 202 4087 292 4156; x_wconf 73' lang='lat' dir='ltr'>ssmm</span> <span class='ocrx_word' id='word_1_329' title='bbox 313 4105 413 4162; x_wconf 88' lang='lat' dir='ltr'>pnrnm</span> <span class='ocrx_word' id='word_1_330' title='bbox 441 4089 497 4148; x_wconf 90' lang='lat' dir='ltr'>boo</span> <span class='ocrx_word' id='word_1_331' title='bbox 524 4091 606 4166; x_wconf 81' lang='lat' dir='ltr'>agot,</span> <span class='ocrx_word' id='word_1_332' title='bbox 638 4093 670 4145; x_wconf 90' lang='lat' dir='ltr'>ut</span> <span class='ocrx_word' id='word_1_333' title='bbox 695 4067 857 4168; x_wconf 80' lang='lat' dir='ltr'>bominibus</span> <span class='ocrx_word' id='word_1_334' title='bbox 882 4087 985 4160; x_wconf 85' lang='lat' dir='ltr'>quovis</span> <span class='ocrx_word' id='word_1_335' title='bbox 1010 4089 1093 4160; x_wconf 85' lang='lat' dir='ltr'>pacto</span> <span class='ocrx_word' id='word_1_336' title='bbox 1126 4085 1265 4160; x_wconf 82' lang='lat' dir='ltr'>probetur,</span> 
     </span>
    </p>
   </div>
   <div class='ocr_carea' id='block_1_3' title="bbox 201 4182 1263 4293">
    <p class='ocr_par' dir='ltr' id='par_1_9' title="bbox 201 4182 1263 4293">
     <span class='ocr_line' id='line_1_38' title="bbox 201 4182 1263 4293; baseline 0.006 -47"><span class='ocrx_word' id='word_1_337' title='bbox 201 4193 371 4293; x_wconf 67' lang='lat' dir='ltr'>argumento</span> <span class='ocrx_word' id='word_1_338' title='bbox 392 4189 515 4250; x_wconf 82' lang='lat' dir='ltr'>ostendit</span> <span class='ocrx_word' id='word_1_339' title='bbox 530 4189 770 4258; x_wconf 84' lang='lat' dir='ltr'>luculentissimo:</span> <span class='ocrx_word' id='word_1_340' title='bbox 792 4185 826 4249; x_wconf 80' lang='lat' dir='ltr'>ot</span> <span class='ocrx_word' id='word_1_341' title='bbox 846 4182 984 4270; x_wconf 64' lang='lat' dir='ltr'>rolpoto.</span> <span class='ocrx_word' id='word_1_342' title='bbox 999 4187 1109 4266; x_wconf 80' lang='lat' dir='ltr'>(suppl.</span> <span class='ocrx_word' id='word_1_343' title='bbox 1124 4185 1263 4265; x_wconf 65' lang='lat' dir='ltr'>uem)</span> 
     </span>
    </p>
   </div>
   <div class='ocr_carea' id='block_1_4' title="bbox 0 0 1376 4824">
    <p class='ocr_par' dir='ltr' id='par_1_10' title="bbox 0 0 1376 4824">
     <span class='ocr_line' id='line_1_39' title="bbox 0 0 1376 4824; baseline 0 0"><span class='ocrx_word' id='word_1_344' title='bbox 0 0 1376 4824; x_wconf 95' lang='lat' dir='ltr'> </span> 
     </span>
    </p>
   </div>
  </div>
 </body>
</html>
