2734 4820
184 407 260 475 rro
323 407 431 496 Epist.
454 405 482 474 r.
505 409 549 474 or
570 404 744 474 messor.
768 405 804 475 o.
826 403 868 476 v.
898 405 940 490 v.
964 385 1027 476 te.
1050 405 1114 478 eo.

175 569 390 660 praestantiori,
415 581 490 659 quod
511 581 578 642 olim
598 581 772 655 accipiemus
792 597 911 655 prorsus
931 567 1173 642 accommodatum
1195 585 1244 642 vi-

175 689 221 744 tue
241 685 408 761 perfectiori
434 682 468 746 ἐν
495 681 651 763 πνεύματι
676 685 816 760 cgeurlee.
863 685 958 744 Nolim
984 686 1073 761 igitur
1098 685 1173 743 haec
1200 679 1241 745 eri

177 807 238 845 πν.
260 783 325 846 καὶ
346 777 368 860 ἦ
391 780 498 866 ψυχὴ
520 787 567 844 vel
588 785 725 846 mostrol.
746 788 794 846 rel
818 787 1047 866 Hetrr.4,12.
1069 803 1166 844 merae
1186 789 1243 845 tri-

175 891 264 947 lruere
283 889 436 949 verborum
457 889 567 962 copiae.
611 889 671 946 Cir.
694 889 730 946 de
750 903 805 947 usu
826 888 938 945 dicendi
958 888 1062 946 biblico
1085 888 1243 947 Olsheu-

172 1007 236 1048 sen
262 991 300 1049 rte
320 997 451 1050 naturae
471 993 622 1048 humanae
642 991 829 1052 tru'eltotomio
849 992 887 1051 Ν.
910 991 945 1050 Τ.
967 993 1162 1064 scriptoribus
1188 1007 1243 1048 re-

174 1097 278 1171 cepto,
299 1091 432 1168 Regium.
454 1087 547 1149 1825.
589 1089 655 1149 Non
676 1091 774 1150 rlocult
793 1093 921 1171 quidem,
941 1093 1058 1168 opinor,
1080 1092 1244 1165 Apostolus

88 1187 90 1196 '
172 1195 341 1266 tripartitam
362 1197 481 1252 naturae
504 1193 645 1251 humanae
671 1194 863 1252 substantium.
909 1196 1059 1268 Attamen,
1085 1209 1141 1266 quo
1167 1209 1243 1271 gra-

173 1296 239 1353 vius
267 1297 467 1372 cogitationem
496 1295 586 1353 totius
610 1297 739 1355 hominis
766 1296 948 1370 exprimeret,
980 1295 1121 1353 rohonem
1147 1297 1249 1356 eruent

174 1395 290 1472 (oppos.
312 1390 455 1474 cuipam]
478 1397 652 1469 amplificare
672 1399 776 1474 voluit,
796 1401 937 1470 totumque
958 1395 1130 1472 exhaurire,
1157 1411 1242 1455 com-

174 1497 357 1556 memorante
384 1501 504 1571 utraque
530 1499 616 1557 animi
646 1499 796 1574 iecultste,
822 1503 851 1556 ct
882 1497 1012 1556 interiori
1037 1501 1065 1554 et
1091 1499 1242 1569 superiori.

172 1600 376 1659 Adsentientes
401 1598 494 1657 habeo
519 1599 704 1675 Flattlum,
730 1604 758 1658 et
783 1598 933 1658 Pettium
958 1599 997 1656 erl
1021 1599 1050 1657 h.
1071 1599 1091 1658 l.
1117 1601 1243 1674 itemque

170 1701 397 1762 Kuiuoeliuru
418 1702 448 1759 lrr
469 1707 622 1760 comment.
643 1701 921 1780 adHehrr.4,12.
964 1701 1043 1760 luter
1062 1705 1131 1760 reti.
1151 1703 1242 1761 Gre-

173 1804 303 1880 gorius
330 1801 518 1874 Nysseuus
544 1801 645 1878 (cuius
675 1803 841 1861 sententium
868 1800 1068 1875 uheophyl.
1098 1805 1129 1861 ln
1155 1817 1242 1864 com-

171 1907 256 1962 ment.
278 1903 316 1963 ari
335 1903 364 1961 h.
384 1904 404 1961 l.
424 1905 534 1981 attulit]
557 1897 592 1962 cri
621 1899 773 1981 πνεῦμα
801 1905 880 1962 recte
907 1903 1053 1977 interpret.
1082 1906 1118 1964 rle
1144 1907 1243 1963 enlm·

65 2071 74 2084 ,
170 1987 316 2082 rationali,
337 1997 372 2065 eri
397 2000 508 2084 νοερὸν
528 1999 633 2084 μέρος,
654 1997 760 2085 ψυχῆ
784 2005 821 2064 rie
841 2005 935 2064 enimn
956 2007 1102 2082 sentiente,
1124 2001 1158 2065 cri
1183 2005 1241 2065 αἷ-

171 2099 340 2181 σθητικόν.
394 2107 462 2178 lpse
494 2121 565 2166 vero
600 2097 797 2180 'theophyl
840 2105 1241 2179 oecumen.,'i'heorlor.

170 2212 325 2282 praeeunte
344 2205 612 2285 chrysostomo,
633 2209 856 2268 uisentieutibus
877 2209 1018 2268 nonnuliis
1038 2211 1242 2286 recentiorum,

167 2305 401 2390 subarratum
425 2309 549 2387 intelligi
567 2309 728 2371 maluerunt
747 2303 782 2369 τὰ
803 2307 956 2389 χάρισμα
978 2311 1035 2369 τοῦ
1060 2307 1241 2391 πνεύματος

168 2403 275 2492 oiytoo,
300 2412 546 2472 montemfortem
566 2415 660 2471 antra
685 2427 729 2470 em
753 2413 835 2487 epo.
863 2415 920 2470 dio.
946 2410 1114 2487 profectam
1142 2413 1239 2490 (orr-

4 2517 47 2600 j,
171 2515 309 2572 chuclls
333 2510 371 2573 erl
391 2513 420 2570 h.
440 2514 459 2571 l.
487 2514 600 2573 donum
619 2513 840 2572 onerosum
861 2518 890 2571 et
909 2513 966 2571 elia
985 2513 1148 2574 huiusmodi
1164 2536 1237 2594 χα-

169 2614 346 2696 ρίσματα),
373 2629 474 2686 parum
500 2615 715 2674 accommodato
739 2615 924 2674 substantivis
949 2609 1041 2695 ψυχὴ
1069 2620 1099 2673 et
1127 2619 1237 2698 σῶμα,

168 2719 273 2792 quippe
292 2728 366 2792 quae
387 2713 505 2794 rlocent,
525 2719 622 2793 ipsum
639 2719 741 2793 potius
760 2719 887 2776 hominia
908 2721 1164 2780 oeconomorum
1189 2718 1239 2778 his

168 2820 234 2878 viru.
259 2816 405 2908 rescribi,
430 2817 485 2876 elsi
512 2819 624 2877 omnino
651 2819 878 2893 adfirmaverim,
909 2831 1011 2877 vocem
1038 2819 1163 2901 πνεῦμα
1191 2835 1239 2896 eo,

168 2921 252 2994 tuem
278 2933 365 2993 supra
389 2920 589 3001 proterimus,
615 2937 704 2980 sensu
726 2921 768 3009 τῇ
793 2919 884 3011 ψυχῇ
911 2921 1083 2998 oppositam,
1110 2923 1147 2978 erl
1173 2923 1236 2980 ali-

169 3034 253 3095 quam
273 3022 420 3094 respicere
443 3017 626 3102 πνεύματος
645 3022 736 3082 uestri
757 3028 785 3082 et
806 3017 990 3101 πνεύματος
1011 3022 1100 3080 divini
1121 3037 1238 3099 cogna-

168 3125 282 3183 tionem.
325 3123 427 3197 Neque
448 3123 671 3184 eumBolteno
691 3127 790 3184 lucere
809 3139 970 3199 possumus,
991 3125 1141 3203 πνεῦμα
1162 3141 1238 3182 ver-

167 3221 259 3284 tente:
278 3241 410 3302 persono
430 3241 454 3284 s.
475 3232 589 3285 natura
608 3233 708 3286 oestro
727 3211 1023 3304 oummsespeotutu,
1044 3241 1118 3298 quoe
1132 3226 1237 3286 deiude

165 3331 219 3401 per
239 3319 397 3408 pentomis
419 3327 598 3386 recuratur
624 3320 713 3408 propri
743 3331 771 3386 et
798 3327 902 3406 ccipe.
949 3325 1107 3386 Transtulit
1131 3329 1237 3402 quippe

166 3427 205 3487 erl
233 3429 358 3508 πνεῦμα
384 3429 523 3491 eiusmodi
549 3429 785 3506 significationem
811 3443 847 3486 ex
873 3427 953 3486 hebr.
980 3427 1047 3516 ring
1069 3429 1237 3508 densatam,

100 3535 102 3542 ’
165 3541 239 3602 quoe
258 3529 341 3588 alteri
365 3531 460 3604 potius
485 3532 622 3590 substent.
649 3524 760 3612 ψυχὴ
785 3529 927 3588 interdum
954 3533 1034 3590 recte
1061 3531 1233 3590 vindicetur.

165 3631 275 3688 Fausta
293 3636 428 3704 precatur
447 3633 549 3705 Apost
571 3631 889 3706 thessalonicensibus,
909 3635 950 3708 ut,
971 3632 1047 3704 quorl
1067 3635 1153 3692 toturn
1176 3649 1235 3691 cu-

165 3733 267 3805 iusque
287 3717 416 3792 naturam
437 3737 466 3791 et
486 3735 572 3792 vitum
593 3737 707 3810 attinet,
734 3733 906 3810 cogitantes,
931 3734 1075 3810 volentes,
1101 3735 1234 3794 sentien-

166 3839 224 3910 tes,
249 3836 330 3891 iucta
356 3833 472 3892 edentes
499 3831 695 3914 (cuipare),
721 3835 915 3908 irreprehensi
941 3838 1073 3894 maneant
1093 3837 1154 3894 Deo
1181 3837 1235 3896 iu-

166 3939 260 3991 vante.
304 3935 444 3994 Conferre
463 3937 531 3995 licet
551 3935 645 3994 locum
665 3937 787 3996 similem
808 3937 872 3994 libri
889 3935 1005 3995 Judrlcl
1017 3939 1128 4017 Soter,
1149 3955 1237 4013 quem

149 4035 269 4121 ,Woll
285 4037 317 4094 iu
338 4038 416 4103 curis
437 4039 472 4098 ’1.
492 4039 546 4098 lv.
569 4055 596 4111 p.
611 4037 682 4096 382⁴
703 4039 906 4112 laurentum
927 4040 964 4097 rle
985 4041 1092 4098 sanctio
1114 4041 1239 4099 dicitur:

166 4137 207 4195 llli
227 4139 278 4196 toti
302 4141 394 4198 suncti
413 4145 494 4215 sunt,
511 4155 617 4213 corpus
636 4141 746 4219 (nuri)
767 4141 879 4200 illorum
900 4147 1029 4199 sunctum
1050 4145 1104 4216 est,
1122 4142 1238 4201 errimus

168 4241 291 4317 (huet)
316 4236 430 4301 illorum
454 4245 571 4301 mucius
598 4247 659 4326 est,
687 4243 804 4317 spiritus
831 4241 953 4321 (nuru)
980 4241 1093 4302 illorum
1115 4247 1239 4304 senatus
