2734 4820
169 363 246 435 tao
306 365 415 453 Epist.
437 365 466 432 1.
489 367 534 432 ari
555 362 727 434 Thessali.
750 360 788 432 Ο.
806 362 849 432 V.
874 361 917 432 V.
933 358 1110 431 23-28.

164 540 307 606 suasionis
334 539 505 616 nautaque
527 539 706 600 Christianae
733 537 906 613 constantia,
933 553 998 596 eam
1017 537 1078 597 vim
1096 536 1245 613 habitura,

164 651 197 704 ut
220 645 311 704 iudici
343 650 453 702 summo
481 643 547 701 oiim
578 646 751 720 probemur,
780 643 865 714 sirmii.
891 641 1074 713 praedicatur
1108 642 1245 716 Pluiipp.

164 749 197 825 1,
210 747 261 806 10.
284 747 395 806 coloss.
407 747 440 823 1,
449 748 503 804 22.
542 745 663 802 Constitit
683 759 755 804 vero
775 743 862 804 etiam
872 744 1032 816 Apostolus
1044 745 1107 802 Deo
1128 743 1246 817 veraci,

165 863 231 906 eum
258 847 305 910 his
332 848 467 922 precibus
493 847 706 906 satisfacturum
731 861 761 904 u.
782 841 834 904 24.
878 838 1032 910 Πισαός
1058 835 1077 904 ὅ
1109 845 1247 903 καλῶν

165 953 221 1006 etc.
270 949 365 1008 Fidus
386 954 444 1023 est,
472 951 583 1006 constat
607 962 660 1020 pro
688 947 696 962 '
715 946 757 1004 sis
779 939 911 1023 [πιστός
929 947 979 1004 ud.
1006 948 1035 1008 Ι.
1054 949 1139 1006 Cotu-
1157 946 1191 1022 1,
1211 949 1242 1004 9.

106 1127 109 1136 y
164 1052 220 1131 σο,
234 1050 284 1109 13.
310 1049 559 1142 sinuessae.
585 1030 724 1125 nemi
748 1049 830 1126 ,aa
848 1047 903 1130 ιι,
921 1047 972 1107 11.
996 1047 1078 1139 apsa
1108 1059 1186 1136 αξξ,
1216 1064 1242 1104 s.

164 1165 242 1234 qamt}
263 1152 326 1208 Jea.
338 1150 398 1228 49,
408 1147 463 1226 7.)
482 1151 567 1208 Deus
571 1192 583 1228 ,
606 1153 658 1226 qui
678 1164 730 1208 cos
749 1165 803 1222 per
823 1148 981 1207 doctrinam
1001 1149 1146 1221 vitamque
1166 1149 1241 1206 Jesu

123 1235 127 1258 ¹
165 1252 275 1310 Christi
295 1252 332 1307 ad
353 1253 527 1310 consortium
548 1253 655 1310 incunt
674 1250 759 1326 regni
780 1247 870 1308 divini
890 1249 1021 1324 (poterat
1042 1251 1243 1324 quippcDeus

165 1369 257 1430 aeque
277 1353 336 1412 dici
357 1348 539 1427 καλέσας,
560 1357 645 1427 atque
666 1352 813 1428 καλῶν,
835 1366 922 1426 quum
941 1350 1016 1409 haec
1037 1351 1168 1409 invitatio
1188 1352 1240 1410 rii-

165 1456 249 1533 uina,
269 1455 415 1531 evangeiii
435 1455 626 1530 praedicatio,
646 1455 705 1512 vim
726 1469 808 1512 suam
828 1455 965 1525 perpetuo
986 1457 1111 1528 exserat,
1132 1456 1164 1511 ut
1183 1468 1241 1512 su-

163 1574 217 1631 pra
237 1556 269 1633 8,
289 1556 358 1633 io.)
388 1558 441 1631 qui
465 1554 602 1630 profecto
623 1553 751 1634 efficiet,
779 1555 935 1627 praestabit
953 1555 1104 1642 promissa.
1148 1553 1241 1613 Codri·
1325 1567 1335 1580 ·

72 1674 75 1680 ·
164 1659 252 1732 pauci
277 1659 556 1730 interpretamentum
583 1655 740 1734 couniunt,
775 1654 896 1714 forsitan
924 1671 962 1714 ex
990 1657 1037 1717 ΙΙ.
1057 1658 1143 1714 Corn.
1159 1657 1190 1723 1,
1207 1658 1240 1714 6.

78 1799 80 1804 -
165 1762 281 1844 ductum
308 1753 369 1832 τὴν
398 1755 509 1818 ἐλπίδα
530 1750 620 1836 ὑμῶν
640 1754 782 1836 βεβαίαν.
830 1759 926 1828 Ipsam
952 1755 1029 1814 hanc
1057 1757 1241 1816 vocationem

151 1864 270 1940 'Apost
290 1861 375 1922 docet
393 1859 510 1936 pignori
536 1859 678 1917 inservire
704 1857 804 1916 auxilii
831 1859 922 1916 divini
943 1858 1115 1918 Christianis
1136 1859 1241 1933 quovis

165 1968 293 2036 tempore
312 1961 454 2037 adiutori,
480 1963 528 2035 ut,
554 1959 581 2019 si
606 1959 692 2018 modo
712 1959 789 2018 serio
815 1959 975 2036 volueriut,
1002 1959 1084 2036 digni
1111 1961 1243 2022 eradere

165 2065 277 2140 possint
296 2063 388 2122 saluto
407 2063 557 2138 promissa.

251 2167 416 2242 Sequuntur
436 2166 570 2228 mandata
595 2167 755 2240 postremo,
782 2161 933 2224 subiuncta
958 2162 1141 2224 vmeueenoi
1166 2167 1237 2226 tor-

59 2276 64 2287 ‘
166 2269 244 2330 muta
262 2267 382 2328 solenni.

250 2363 294 2436 V·
324 2360 506 2431 25—28.
551 2357 712 2454 Ἀδελφοί
719 2411 729 2444 ,
762 2360 990 2452 concarnificis
1022 2365 1097 2453 περὶ
1132 2357 1239 2449 ἡμῶν.

208 2473 259 2550 (v.
283 2463 369 2548 26.)
385 2457 614 2534 Ἀσπάσασθε
640 2459 719 2544 τοὺς
738 2459 904 2558 ἀδελφοὺς
922 2462 1053 2545 πάντας
1082 2467 1116 2533 ἐν
1137 2463 1241 2558 meip-

208 2590 291 2656 μασι
312 2563 403 2659 ἁγίῳ.
445 2565 604 2651 (1.27.)
633 2561 768 2658 Ὁρκίζω
795 2561 883 2654 ὑμᾶς
904 2565 963 2636 τὸν
988 2568 1120 2658 κύριον,
1154 2564 1240 2635 ἀνα-

148 2761 149 2764 ,
208 2670 410 2764 γνωσθῆναι
429 2666 491 2752 τὴν
512 2665 687 2752 ἐπιστολὴν
716 2669 819 2738 πᾶσιν
842 2673 912 2748 τοῖς
940 2665 1049 2756 ἁγίοις
1069 2667 1241 2763 ἀδελφοῖς.

211 2776 262 2853 [v.
285 2769 371 2855 28.)
396 2767 448 2842 ‘H
469 2768 568 2866 χάρις
593 2772 655 2842 τοῦ
680 2771 796 2865 κυρίου
822 2765 916 2861 ἡμῶν
940 2767 1054 2856 Ἰησοῦ
1084 2763 1242 2864 Χριστοῦ

206 2870 285 2960 μεθι
308 2868 412 2961 ὑμῶν.
965 2937 967 2943 .

249 2980 290 3040 V.
316 2977 367 3040 25.
414 2975 730 3061 Προσεύχεσθαι
761 2978 853 3062 περί
879 3000 992 3048 τινος
1022 2983 1103 3044 Acti.
1128 2981 1240 3061 8,16.

163 3083 232 3144 Cot.
245 3080 277 3162 1,
289 3085 320 3140 3.
349 3084 458 3144 Hebes.
479 3086 535 3164 13,
551 3085 603 3142 18.
625 3085 666 3142 al.
688 3097 847 3158 quanquam
866 3085 1024 3143 secundum
1044 3084 1239 3161 signiocatto-

166 3201 232 3244 nem
252 3183 397 3259 propriam
417 3201 549 3270 praepos.
569 3179 637 3264 περὶ
656 3185 741 3244 latius
760 3187 846 3260 patet,
866 3201 951 3259 quam
972 3204 1124 3265 αρσσευχ.
1140 3177 1239 3264 ὑπέρ

167 3304 283 3366 τινος,
297 3287 408 3347 Mattio.
422 3291 456 3366 5,
467 3288 530 3346 44.
560 3289 621 3347 Coi.
640 3286 671 3361 1,
687 3289 718 3344 9.
739 3289 780 3346 ol.
802 3287 907 3362 (quum
928 3282 1000 3366 περί
1017 3307 1102 3352 τινος
1122 3287 1239 3360 proprio

167 3386 221 3446 sit:
246 3389 358 3447 ratione
377 3389 420 3450 rei
441 3389 589 3448 onustam
609 3385 771 3448 hominisve
790 3387 902 3464 habita,
927 3385 957 3447 in
979 3403 1068 3447 causa
1087 3387 1239 3466 aliorum),

168 3489 335 3562 plerumque
354 3495 465 3567 tamen,
485 3489 512 3548 si
531 3490 699 3549 santenfinm
718 3489 896 3564 spectaretis
917 3488 1052 3548 orationis
1072 3490 1160 3550 nexru
1179 3503 1238 3548 ac-

169 3591 392 3665 commodatam,
417 3607 475 3649 non
494 3593 700 3652 aliter‘qiicitur
720 3607 805 3666 quam
824 3591 968 3648 defluitius
987 3591 1058 3650 iliud
1084 3582 1165 3670 ὑπέρ
1187 3611 1239 3650 τι-

167 3709 240 3758 νος,
268 3707 327 3767 pro
353 3692 450 3750 saluto
476 3695 628 3776 alonius„
647 3696 681 3752 io
709 3695 774 3752 ctos
800 3695 1002 3771 wmmodwn,
1026 3709 1132 3767 preces
1155 3690 1240 3766 fuor-

114 3809 119 3818 ·
169 3795 250 3852 dero.
294 3793 351 3857 vo.
372 3794 499 3852 Winer
522 3797 710 3855 (tameat-to
730 3799 786 3855 eto.
807 3795 853 3852 cd.
867 3796 922 3855 111.
944 3809 973 3865 p.
988 3793 1063 3854 320.
1083 3792 1156 3850 328.
1199 3793 1241 3852 Ut

170 3910 224 3966 pro
244 3895 336 3953 smute
355 3893 464 3970 ipsius,
487 3895 655 3966 praesertim
677 3912 730 3968 pro
750 3910 889 3954 successu
913 3893 1107 3969 prosperrimo
1132 3891 1241 3952 laboris

166 3997 212 4058 sui
232 3997 382 4068 apostolici
401 3996 535 4068 precibus
556 4000 648 4056 Deum
668 3997 795 4074 adirent,
824 3993 981 4070 Apostolus
1001 3997 1125 4056 lectores
1147 3996 1241 4054 Cirri-

167 4097 276 4156 siianos
297 4113 503 4170 saepenumero
524 4097 688 4158 cohortatus
715 4102 776 4174 est,
800 4099 1052 4182 Romm.15,30.
1081 4098 1144 4158 Coi.
1154 4097 1194 4173 4,
1205 4099 1242 4156 3.·

167 4201 214 4260 11.
229 4200 378 4280 caesas,
392 4199 420 4260 1.
462 4200 588 4264 Salumri
608 4216 694 4276 porro
713 4199 790 4261 iubet
810 4216 839 4260 v.
852 4189 904 4264 ao.
925 4198 1015 4278 ipsitu
1034 4200 1149 4260 nomine
1168 4199 1238 4258 sin·
