2724 4826
253 369 361 460 Epist.
381 367 409 441 l,
431 369 476 437 eti
497 365 671 438 Thessali.
700 369 739 438 0.
761 365 823 460 1V.
846 367 889 440 V.
912 369 1029 475 3-6.
1100 371 1177 444 109
1214 437 1221 448 ,

102 549 170 608 lieo
205 549 274 606 snut
300 546 404 621 erese,
433 551 462 604 et
492 543 564 606 sorti
590 543 703 604 epitom
735 549 850 608 murae
883 546 1048 628 desim]
1098 549 1179 620 ones

103 665 196 722 quum
223 649 265 706 ito
292 649 364 722 sint,
392 647 507 706 dubium
535 651 633 722 certe,
652 665 690 706 en
709 651 866 720 Apostolus
892 651 1041 709 formulam
1069 653 1179 720 ousion

104 741 227 812 ἑαυτοῦ
255 750 422 822 simpliciter
450 750 587 824 positam,
618 765 673 808 nec
705 751 802 808 sitite
832 750 972 810 eiusmodi
1004 767 1095 826 voce,
1120 769 1178 827 que

102 849 163 910 hoe
191 851 309 910 dicendi
335 867 430 927 genus
463 851 603 922 tropicum
634 853 796 926 peteteret,
828 853 865 910 rie
891 867 1012 926 corpore
1038 853 1177 928 cuiusque

50 1016 55 1029 Ι
103 968 250 1024 usurpare
269 954 400 1024 potuerit.
449 950 522 1028 [oni
548 955 675 1010 nostrum
703 951 813 1020 σκεῦος
826 969 928 1020 ‘senem
953 954 1114 1029 angustiori
1140 957 1178 1014 de
1268 1025 1281 1036 ο

104 1055 237 1112 membro
265 1054 396 1126 pudendo
419 1051 598 1125 interpretati
622 1058 704 1129 sunt,
730 1071 759 1112 v.
787 1066 813 1110 c.
839 1052 960 1114 Meins
984 1055 1014 1112 in
1042 1057 1176 1116 observv.

103 1169 182 1212 secr.
196 1157 251 1212 ΠΙ.
272 1171 299 1228 p.
317 1153 367 1212 io.
388 1159 418 1212 et
437 1157 550 1212 Eresm.
572 1155 719 1214 Schmiri
740 1155 777 1213 eri
797 1155 827 1213 ir.
847 1155 883 1229 i.‚
909 1155 946 1226 tis
967 1157 1079 1216 omnino
1099 1158 1176 1216 deti-

105 1256 186 1314 cinnt
207 1255 274 1312 ione
294 1257 453 1328 scriptores
480 1257 519 1314 N.
539 1257 574 1314 p,
594 1273 668 1330 qnos
688 1256 765 1314 huno
790 1257 905 1316 ‹iicendr
930 1271 1014 1322 nsum
1038 1273 1176 1332 compro-

105 1359 190 1432 bent,
213 1357 269 1416 etsi
290 1357 430 1416 interdum
451 1357 527 1428 spino
547 1359 703 1430 scriptores
722 1359 858 1430 protenus
876 1361 1029 1434 eppereet,
1055 1359 1175 1420 Action.

105 1461 214 1520 hister.
237 1463 329 1516 oreon
346 1460 400 1535 11,
420 1456 496 1536 rt]
538 1458 664 1534 Deinde,
692 1459 741 1532 qni
759 1457 836 1516 hene
854 1459 993 1518 rationem
1013 1466 1179 1536 sequuntur,

106 1573 194 1632 onum
214 1575 336 1630 prorsus
355 1574 411 1618 non
431 1561 543 1633 potem,
563 1559 630 1632 quid
650 1559 706 1620 sibi
725 1559 861 1618 voluerit:
891 1575 995 1633 corpus
1015 1577 1098 1624 suum
1118 1579 1175 1622 ac.

106 1663 231 1736 perere
251 1677 276 1718 s.
296 1661 351 1718 sthi
370 1654 572 1733 componore?
599 1675 720 1718 neeesse
744 1664 803 1736 est,
828 1663 918 1720 verbo
942 1660 1127 1722 κτᾶσθαι
1147 1663 1176 1722 tr.

104 1762 122 1817 t.
143 1761 233 1818 ntism
253 1763 490 1836 signiflmtionem
509 1761 663 1822 vindicent
708 1763 754 1820 lie
773 1760 946 1836 possidendo
967 1765 996 1820 et
1015 1762 1177 1822 mhiiendo

106 1878 231 1935 corpore
247 1863 370 1938 intelligi
383 1863 498 1922 volunt:
519 1871 554 1924 nt
574 1866 699 1940 pemque
719 1869 850 1922 oestrum
869 1879 958 1924 senne
977 1879 1088 1936 eorpus
1107 1881 1177 1929 mter

106 1969 247 2024 muare
280 1969 310 2024 ct
341 1965 494 2024 meree
526 1964 568 2040 (s.
595 1965 740 2024 momodi
765 1967 900 2042 ratione,
934 1981 1012 2042 punc
1040 1967 1177 2042 &omenti

106 2069 245 2140 eorporis
264 2067 420 2143 eormntot,
440 2061 476 2126 ἐν
497 2065 573 2153 τιμῇ
596 2066 707 2124 Colono.
721 2067 755 2142 2,
769 2064 848 2141 2³.)
868 2069 1131 2146 commeminisse,
1152 2085 1177 2128 s.

106 2169 230 2226 noneste
251 2173 280 2224 et
300 2168 406 2226 decore
425 2172 542 2228 tractet.
585 2165 728 2223 Audimus
749 2167 861 2224 omnino
872 2167 992 2224 Pontum
1012 2169 1110 2226 verbis
1129 2169 1176 2228 si-

107 2270 222 2326 milibus
250 2267 289 2324 rie
315 2266 447 2339 eorporis
469 2283 525 2324 osu
545 2267 663 2326 ironesto
684 2266 903 2338 praecipientem
930 2269 959 2327 1.
975 2269 1108 2344 Com-6,
1122 2272 1176 2331 18.

106 2387 150 2446 eq.
171 2372 291 2429 linem
308 2369 340 2446 1,
356 2369 414 2429 24.
458 2369 519 2426 Sed
539 2367 612 2428 heeo
631 2367 732 2443 signif.
750 2369 937 2444 possidendi,
964 2383 1037 2442 quoe
1056 2376 1175 2442 prsete-

105 2473 160 2530 rito
195 2467 395 2550 κέκτημαι
428 2473 507 2527 reete
539 2469 721 2544 vindicetur,
751 2469 789 2526 mi
818 2483 956 2542 praesens
989 2471 1175 2536 κτᾶσθαι

106 2573 260 2632 transferri
281 2571 395 2631 minime
415 2575 516 2644 potest.
557 2571 663 2630 Porum
688 2570 836 2630 commode
855 2575 1041 2642 provocatum
1062 2574 1099 2631 nr
1119 2577 1176 2634 st-

106 2690 169 2734 rae.
184 2678 217 2750 6,
232 2677 262 2732 e.
285 2673 333 2731 nbi
353 2673 504 2748 erigerem
523 2671 609 2730 hebet
627 2674 802 2746 acquirendi
826 2675 1009 2750 potestatem,
1035 2679 1085 2732 eut
1104 2676 1175 2736 brr-

106 2783 159 2834 eae
181 2791 227 2832 ec.
249 2776 306 2852 21,
322 2775 374 2834 1⁹.
402 2789 458 2848 quo
478 2774 497 2830 1.
524 2767 691 2844 notisnotis
712 2767 771 2846 erip
792 2767 904 2852 ψυχάς
924 2765 954 2832 ὖ.
976 2775 1038 2832 veit
1065 2775 1176 2836 enimes

107 2881 223 2934 vestros
243 2875 413 2951 oopuhetis,
439 2876 551 2932 lucrum
571 2875 658 2932 enimi
677 2875 807 2948 societis,
833 2875 896 2930 vele
923 2857 1034 2932 enimes
1060 2883 1174 2938 vestros

94 2977 252 3060 ‘servaturi
272 2977 357 3051 estis,
377 2977 588 3034 retroierunt
607 2975 778 3050 nequiretis,
806 2974 966 3032 defendetis
991 2992 1011 3031 e
1037 2979 1173 3050 pernicie.

102 3081 157 3138 ‘An
177 3081 255 3136 torte
276 3079 382 3136 rectius
402 3083 516 3136 vertere
534 3077 633 3134 liceat:
661 3077 831 3150 utquisque
852 3079 978 3133 vestrum
998 3093 1082 3136 suum
1103 3095 1174 3140 cor.

106 3195 161 3252 pos
181 3195 236 3252 per
256 3181 412 3238 castitatem
434 3182 464 3238 et
484 3179 620 3236 rationem
642 3179 704 3234 eius
724 3177 865 3236 troctondi
884 3177 1033 3235 honestem
1049 3195 1174 3240 emmer-

106 3296 181 3339 cnre
207 3279 262 3354 (eb
288 3281 404 3338 interitu
430 3298 455 3338 s.
482 3281 585 3338 mon
610 3279 783 3354 defendere)
804 3274 897 3336 scisti
943 3279 1054 3360 Yerum
1080 3282 1175 3340 coim-

105 3397 195 3456 vero,
221 3381 297 3456 quod
322 3382 387 3440 loco
412 3381 518 3441 Lucae
542 3382 618 3438 tend.
646 3385 761 3453 propter
787 3379 923 3438 emtionis
944 3379 1064 3454 seriem,
1088 3397 1174 3454 quum

106 3501 135 3540 s.
157 3483 209 3539 18.
231 3483 436 3554 praecessisset
454 3497 553 3555 oppos.
574 3474 785 3542 ἀπόλλυσθαι
792 3520 802 3554 ,
822 3479 968 3536 commode
989 3478 1052 3536 tieri
1072 3487 1175 3560 potest,

106 3599 164 3642 non
184 3585 253 3641 item
279 3583 335 3643 hoe
361 3584 442 3658 loco,
467 3584 516 3641 ubi
545 3583 616 3642 nihil
643 3584 838 3640 antecesserat
858 3580 894 3636 de
915 3595 1036 3662 corpore
1056 3583 1174 3642 destru-

107 3686 190 3744 endo.
239 3685 385 3761 Praestet,
417 3701 517 3744 eorum
544 3685 701 3744 sententies
730 3683 871 3740 colentum
897 3683 1021 3757 endere,
1053 3685 1102 3755 qni
1129 3679 1172 3746 τὰ

107 3779 258 3852 ἑαυτοῦ
292 3787 435 3854 σκεῦος
468 3790 506 3846 rie
538 3801 639 3848 neore
672 3788 817 3860 cnmrpec
851 3785 975 3860 intelligi
1007 3785 1175 3846 metuerunt.

108 3889 190 3955 oneo
210 3888 286 3947 inter
305 3891 420 3946 veteres
440 3891 587 3962 probatum
608 3892 652 3946 est
670 3873 971 3962 Augustianis.
994 3886 1031 3942 dc
1050 3895 1171 3966 myster.

106 4004 132 4049 c.
149 3993 182 4049 8.
207 3997 313 4050 contro
333 3992 493 4050 Jmtionern
511 3990 531 4046 l.
548 3988 578 4046 1.
599 4005 625 4046 o.
639 3987 690 4048 10.
712 3988 786 4046 inter
806 3988 982 4046 recentiores
1011 3988 1174 4066 Heinsio,

106 4089 386 4168 schoettgenie
406 4091 642 4164 Wettstenio,
662 4090 821 4162 Koppio,
840 4088 914 4145 eliis.
956 4088 1107 4148 Addicnnt
1126 4092 1173 4152 his

104 4189 236 4267 interprr.
275 4194 359 4252 ettete
395 4185 566 4266 scriptorum
607 4191 726 4250 serioris
764 4191 829 4248 sevi
868 4191 1054 4250 Jndnieorum
1096 4196 1176 4266 sputi
