<?xml version="1.0" encoding="UTF-8"?>
<!DOCTYPE html PUBLIC "-//W3C//DTD XHTML 1.0 Transitional//EN"
    "http://www.w3.org/TR/xhtml1/DTD/xhtml1-transitional.dtd">
<html xmlns="http://www.w3.org/1999/xhtml" xml:lang="en" lang="en">
 <head>
  <title>
</title>
<meta http-equiv="Content-Type" content="text/html;charset=utf-8" />
  <meta name='ocr-system' content='tesseract 3.04.00' />
  <meta name='ocr-capabilities' content='ocr_page ocr_carea ocr_par ocr_line ocrx_word'/>
</head>
<body>
  <div class='ocr_page' id='page_1' title='image "./epistolaepaulia01schogoog_0251.png"; bbox 0 0 2734 4820; ppageno 0'>
   <div class='ocr_carea' id='block_1_1' title="bbox 189 315 1043 478">
    <p class='ocr_par' dir='ltr' id='par_1_1' title="bbox 189 315 1043 478">
     <span class='ocr_line' id='line_1_1' title="bbox 189 315 1043 478; baseline -0.002 -34"><span class='ocrx_word' id='word_1_1' title='bbox 189 315 273 446; x_wconf 32' lang='lat' dir='ltr'><strong>aad·</strong></span> <span class='ocrx_word' id='word_1_2' title='bbox 442 372 549 463; x_wconf 79' lang='lat' dir='ltr'><strong>Epist.</strong></span> <span class='ocrx_word' id='word_1_3' title='bbox 572 371 616 444; x_wconf 91' lang='lat'><strong>11.</strong></span> <span class='ocrx_word' id='word_1_4' title='bbox 639 373 682 442; x_wconf 88' lang='lat' dir='ltr'><strong>ad</strong></span> <span class='ocrx_word' id='word_1_5' title='bbox 705 371 1043 478; x_wconf 66' lang='lat' dir='ltr'><strong>Thessalonicenses.</strong></span> 
     </span>
    </p>
   </div>
   <div class='ocr_carea' id='block_1_2' title="bbox 112 567 1273 1558">
    <p class='ocr_par' dir='ltr' id='par_1_2' title="bbox 112 567 1273 1558">
     <span class='ocr_line' id='line_1_2' title="bbox 189 567 1263 646; baseline -0.004 -17"><span class='ocrx_word' id='word_1_6' title='bbox 189 573 258 630; x_wconf 83' lang='lat' dir='ltr'><strong>cuia</strong></span> <span class='ocrx_word' id='word_1_7' title='bbox 279 587 351 630; x_wconf 86' lang='lat' dir='ltr'><strong>vera</strong></span> <span class='ocrx_word' id='word_1_8' title='bbox 370 570 516 646; x_wconf 76' lang='lat' dir='ltr'><strong>edentem,</strong></span> <span class='ocrx_word' id='word_1_9' title='bbox 536 568 592 628; x_wconf 84' lang='lat' dir='ltr'><strong>lroc</strong></span> <span class='ocrx_word' id='word_1_10' title='bbox 614 574 763 641; x_wconf 83' lang='lat' dir='ltr'><strong>praetextu</strong></span> <span class='ocrx_word' id='word_1_11' title='bbox 784 569 844 646; x_wconf 91' lang='lat' dir='ltr'><strong>usi,</strong></span> <span class='ocrx_word' id='word_1_12' title='bbox 868 572 944 644; x_wconf 89' lang='lat' dir='ltr'><strong>qnod</strong></span> <span class='ocrx_word' id='word_1_13' title='bbox 964 567 1013 627; x_wconf 92' lang='lat' dir='ltr'><strong>iiie</strong></span> <span class='ocrx_word' id='word_1_14' title='bbox 1033 571 1124 628; x_wconf 88' lang='lat' dir='ltr'><strong>iienm</strong></span> <span class='ocrx_word' id='word_1_15' title='bbox 1145 585 1180 627; x_wconf 88' lang='lat' dir='ltr'><strong>se</strong></span> <span class='ocrx_word' id='word_1_16' title='bbox 1201 583 1263 643; x_wconf 77' lang='lat' dir='ltr'><strong>ge·</strong></span> 
     </span>
     <span class='ocr_line' id='line_1_3' title="bbox 190 670 1273 763; baseline -0.005 -32"><span class='ocrx_word' id='word_1_17' title='bbox 190 677 283 750; x_wconf 91' lang='lat' dir='ltr'><strong>reret,</strong></span> <span class='ocrx_word' id='word_1_18' title='bbox 310 673 532 744; x_wconf 63' lang='lat' dir='ltr'><strong>repudiaverim</strong></span> <span class='ocrx_word' id='word_1_19' title='bbox 582 671 671 731; x_wconf 88' lang='lat' dir='ltr'><strong>immo</strong></span> <span class='ocrx_word' id='word_1_20' title='bbox 704 673 871 744; x_wconf 87' lang='lat' dir='ltr'><strong>sinpliciter</strong></span> <span class='ocrx_word' id='word_1_21' title='bbox 896 673 954 731; x_wconf 89' lang='lat' dir='ltr'><strong>ime</strong></span> <span class='ocrx_word' id='word_1_22' title='bbox 980 671 1092 730; x_wconf 87' lang='lat' dir='ltr'><strong>doceri:</strong></span> <span class='ocrx_word' id='word_1_23' title='bbox 1120 685 1177 743; x_wconf 91' lang='lat' dir='ltr'><strong>quo</strong></span> <span class='ocrx_word' id='word_1_24' title='bbox 1204 670 1273 763; x_wconf 58' lang='lat' dir='ltr'><strong>det,</strong></span> 
     </span>
     <span class='ocr_line' id='line_1_4' title="bbox 112 773 1265 857; baseline -0.003 -26"><span class='ocrx_word' id='word_1_25' title='bbox 112 843 115 857; x_wconf 40' lang='grc' dir='ltr'>Ι</span> <span class='ocrx_word' id='word_1_26' title='bbox 189 778 221 833; x_wconf 87' lang='lat' dir='ltr'><strong>ut</strong></span> <span class='ocrx_word' id='word_1_27' title='bbox 242 773 479 850; x_wconf 83' lang='lat' dir='ltr'><strong>condemnentur,</strong></span> <span class='ocrx_word' id='word_1_28' title='bbox 506 787 627 846; x_wconf 89' lang='lat' dir='ltr'><strong>poenam</strong></span> <span class='ocrx_word' id='word_1_29' title='bbox 648 773 796 832; x_wconf 88' lang='lat' dir='ltr'><strong>incurrant</strong></span> <span class='ocrx_word' id='word_1_30' title='bbox 823 775 870 832; x_wconf 92' lang='lat' dir='ltr'><strong>die</strong></span> <span class='ocrx_word' id='word_1_31' title='bbox 897 774 1012 849; x_wconf 87' lang='lat' dir='ltr'><strong>iudicii,</strong></span> <span class='ocrx_word' id='word_1_32' title='bbox 1038 775 1117 846; x_wconf 89' lang='lat' dir='ltr'><strong>patet</strong></span> <span class='ocrx_word' id='word_1_33' title='bbox 1142 773 1265 844; x_wconf 80' lang='lat' dir='ltr'><strong>insuper</strong></span> 
     </span>
     <span class='ocr_line' id='line_1_5' title="bbox 189 864 1268 952; baseline 0 -21"><span class='ocrx_word' id='word_1_34' title='bbox 189 889 227 931; x_wconf 82' lang='lat' dir='ltr'><strong>ex</strong></span> <span class='ocrx_word' id='word_1_35' title='bbox 254 875 382 948; x_wconf 83' lang='lat' dir='ltr'><strong>opposito</strong></span> <span class='ocrx_word' id='word_1_36' title='bbox 409 891 438 930; x_wconf 92' lang='lat' dir='ltr'><strong>v.</strong></span> <span class='ocrx_word' id='word_1_37' title='bbox 461 873 512 930; x_wconf 81' lang='lat'><strong>13.</strong></span> <span class='ocrx_word' id='word_1_38' title='bbox 540 873 635 934; x_wconf 80' lang='grc' dir='ltr'><em>εἵλετο</em></span> <span class='ocrx_word' id='word_1_39' title='bbox 669 864 773 952; x_wconf 74' lang='grc' dir='ltr'><strong><em>ὑμᾶς</em></strong></span> <span class='ocrx_word' id='word_1_40' title='bbox 801 865 820 934; x_wconf 82' lang='grc' dir='ltr'><em>ὅ</em></span> <span class='ocrx_word' id='word_1_41' title='bbox 851 868 930 941; x_wconf 70' lang='lat' dir='ltr'><strong>slede</strong></span> <span class='ocrx_word' id='word_1_42' title='bbox 957 871 1017 940; x_wconf 74' lang='lat' dir='ltr'><strong>&#39;cic</strong></span> <span class='ocrx_word' id='word_1_43' title='bbox 1050 869 1268 952; x_wconf 73' lang='grc' dir='ltr'><em>σωτηρίαν.</em></span> 
     </span>
     <span class='ocr_line' id='line_1_6' title="bbox 188 965 1266 1052; baseline -0.003 -19"><span class='ocrx_word' id='word_1_44' title='bbox 188 975 271 1043; x_wconf 79' lang='lat' dir='ltr'><strong>Quae</strong></span> <span class='ocrx_word' id='word_1_45' title='bbox 298 975 494 1032; x_wconf 80' lang='lat' dir='ltr'><strong>condemnatio</strong></span> <span class='ocrx_word' id='word_1_46' title='bbox 519 989 604 1048; x_wconf 88' lang='lat' dir='ltr'><strong>quam</strong></span> <span class='ocrx_word' id='word_1_47' title='bbox 629 973 706 1034; x_wconf 86' lang='lat' dir='ltr'><strong>iusta</strong></span> <span class='ocrx_word' id='word_1_48' title='bbox 734 975 772 1034; x_wconf 88' lang='lat' dir='ltr'><strong>sit</strong></span> <span class='ocrx_word' id='word_1_49' title='bbox 797 977 910 1052; x_wconf 75' lang='lat' dir='ltr'><strong>futura,</strong></span> <span class='ocrx_word' id='word_1_50' title='bbox 935 976 1009 1033; x_wconf 82' lang='lat' dir='ltr'><strong>irac&#39;o</strong></span> <span class='ocrx_word' id='word_1_51' title='bbox 1035 975 1183 1033; x_wconf 87' lang='lat' dir='ltr'><strong>declarant</strong></span> <span class='ocrx_word' id='word_1_52' title='bbox 1210 965 1266 1050; x_wconf 79' lang='grc' dir='ltr'><strong>μὴ</strong></span> 
     </span>
     <span class='ocr_line' id='line_1_7' title="bbox 189 1067 1268 1147; baseline -0.002 -13"><span class='ocrx_word' id='word_1_53' title='bbox 189 1070 478 1140; x_wconf 77' lang='grc' dir='ltr'><strong>πιστεύσαντες</strong></span> <span class='ocrx_word' id='word_1_54' title='bbox 500 1079 554 1132; x_wconf 91' lang='lat' dir='ltr'><strong>etc.</strong></span> <span class='ocrx_word' id='word_1_55' title='bbox 598 1077 643 1134; x_wconf 85' lang='lat' dir='ltr'><strong>De</strong></span> <span class='ocrx_word' id='word_1_56' title='bbox 664 1075 796 1133; x_wconf 76' lang='lat' dir='ltr'><strong>antithesi</strong></span> <span class='ocrx_word' id='word_1_57' title='bbox 817 1075 875 1147; x_wconf 77' lang='grc' dir='ltr'><strong>τῆς</strong></span> <span class='ocrx_word' id='word_1_58' title='bbox 895 1069 1095 1147; x_wconf 71' lang='grc' dir='ltr'><strong>ἀληθείας</strong></span> <span class='ocrx_word' id='word_1_59' title='bbox 1120 1081 1150 1134; x_wconf 89' lang='lat' dir='ltr'><strong>et</strong></span> <span class='ocrx_word' id='word_1_60' title='bbox 1177 1067 1268 1133; x_wconf 76' lang='lat' dir='ltr'><strong>oido-</strong></span> 
     </span>
     <span class='ocr_line' id='line_1_8' title="bbox 191 1170 1269 1249; baseline -0.003 -14"><span class='ocrx_word' id='word_1_61' title='bbox 191 1174 283 1242; x_wconf 73' lang='lat' dir='ltr'><strong>ulue</strong></span> <span class='ocrx_word' id='word_1_62' title='bbox 307 1178 346 1234; x_wconf 83' lang='lat' dir='ltr'><strong>ad</strong></span> <span class='ocrx_word' id='word_1_63' title='bbox 372 1191 400 1232; x_wconf 93' lang='lat' dir='ltr'><strong>v.</strong></span> <span class='ocrx_word' id='word_1_64' title='bbox 423 1175 474 1233; x_wconf 89' lang='lat' dir='ltr'><strong>iti.</strong></span> <span class='ocrx_word' id='word_1_65' title='bbox 501 1177 579 1234; x_wconf 91' lang='lat' dir='ltr'><strong>vidd.</strong></span> <span class='ocrx_word' id='word_1_66' title='bbox 629 1177 686 1233; x_wconf 87' lang='lat' dir='ltr'><strong>Vb.</strong></span> <span class='ocrx_word' id='word_1_67' title='bbox 721 1170 914 1249; x_wconf 78' lang='grc' dir='ltr'><strong>εὐόσκεῒν,</strong></span> <span class='ocrx_word' id='word_1_68' title='bbox 944 1177 981 1234; x_wconf 88' lang='lat' dir='ltr'><strong>de</strong></span> <span class='ocrx_word' id='word_1_69' title='bbox 1008 1175 1092 1234; x_wconf 89' lang='lat' dir='ltr'><strong>euius</strong></span> <span class='ocrx_word' id='word_1_70' title='bbox 1124 1179 1269 1247; x_wconf 70' lang='lat' dir='ltr'><strong>potestate</strong></span> 
     </span>
     <span class='ocr_line' id='line_1_9' title="bbox 190 1274 1269 1354; baseline -0.002 -20"><span class='ocrx_word' id='word_1_71' title='bbox 190 1279 249 1336; x_wconf 80' lang='lat' dir='ltr'><strong>cir.</strong></span> <span class='ocrx_word' id='word_1_72' title='bbox 269 1279 307 1336; x_wconf 88' lang='lat' dir='ltr'><strong>ad</strong></span> <span class='ocrx_word' id='word_1_73' title='bbox 334 1279 577 1354; x_wconf 75' lang='lat' dir='ltr'><strong>1.i&#39;itesa.2,e.</strong></span> <span class='ocrx_word' id='word_1_74' title='bbox 607 1278 683 1351; x_wconf 77' lang='lat' dir='ltr'><strong>obs,</strong></span> <span class='ocrx_word' id='word_1_75' title='bbox 712 1293 777 1334; x_wconf 89' lang='lat' dir='ltr'><strong>enm</strong></span> <span class='ocrx_word' id='word_1_76' title='bbox 808 1274 848 1339; x_wconf 77' lang='grc' dir='ltr'><strong>ἓν</strong></span> <span class='ocrx_word' id='word_1_77' title='bbox 875 1297 953 1338; x_wconf 80' lang='grc' dir='ltr'><strong>τινι</strong></span> <span class='ocrx_word' id='word_1_78' title='bbox 981 1279 1081 1336; x_wconf 88' lang='lat' dir='ltr'><strong>codem</strong></span> <span class='ocrx_word' id='word_1_79' title='bbox 1106 1292 1208 1335; x_wconf 85' lang='lat' dir='ltr'><strong>sensu:</strong></span> <span class='ocrx_word' id='word_1_80' title='bbox 1237 1275 1269 1333; x_wconf 90' lang='lat' dir='ltr'><strong>iu</strong></span> 
     </span>
     <span class='ocr_line' id='line_1_10' title="bbox 191 1377 1268 1456; baseline 0 -20"><span class='ocrx_word' id='word_1_81' title='bbox 191 1380 287 1453; x_wconf 83' lang='lat' dir='ltr'><strong>aliquo</strong></span> <span class='ocrx_word' id='word_1_82' title='bbox 313 1379 516 1453; x_wconf 79' lang='lat' dir='ltr'><strong>acquiescere,</strong></span> <span class='ocrx_word' id='word_1_83' title='bbox 548 1393 583 1435; x_wconf 93' lang='lat' dir='ltr'><strong>eo</strong></span> <span class='ocrx_word' id='word_1_84' title='bbox 611 1377 767 1454; x_wconf 89' lang='lat' dir='ltr'><strong>delectari,</strong></span> <span class='ocrx_word' id='word_1_85' title='bbox 796 1377 978 1453; x_wconf 78' lang='lat' dir='ltr'><strong>coniungitur</strong></span> <span class='ocrx_word' id='word_1_86' title='bbox 1002 1382 1031 1438; x_wconf 87' lang='lat'><strong>1.</strong></span> <span class='ocrx_word' id='word_1_87' title='bbox 1053 1381 1137 1439; x_wconf 76' lang='lat' dir='ltr'><strong>Gerr.</strong></span> <span class='ocrx_word' id='word_1_88' title='bbox 1160 1379 1215 1456; x_wconf 83' lang='lat'><strong>10,</strong></span> <span class='ocrx_word' id='word_1_89' title='bbox 1236 1381 1268 1437; x_wconf 78' lang='grc' dir='ltr'><strong>ὅ.</strong></span> 
     </span>
     <span class='ocr_line' id='line_1_11' title="bbox 193 1479 1269 1558; baseline -0.002 -18"><span class='ocrx_word' id='word_1_90' title='bbox 193 1481 478 1558; x_wconf 73' lang='lat' dir='ltr'><strong>11.Corr.1e,1c.</strong></span> <span class='ocrx_word' id='word_1_91' title='bbox 521 1479 689 1552; x_wconf 76' lang='lat' dir='ltr'><strong>quanquam</strong></span> <span class='ocrx_word' id='word_1_92' title='bbox 709 1481 823 1552; x_wconf 84' lang='lat' dir='ltr'><strong>profani</strong></span> <span class='ocrx_word' id='word_1_93' title='bbox 843 1479 984 1538; x_wconf 77' lang='lat' dir='ltr'><strong>Graeciae</strong></span> <span class='ocrx_word' id='word_1_94' title='bbox 1004 1481 1161 1553; x_wconf 81' lang='lat' dir='ltr'><strong>scriptores</strong></span> <span class='ocrx_word' id='word_1_95' title='bbox 1182 1481 1269 1538; x_wconf 82' lang='lat' dir='ltr'><strong>etiem</strong></span> 
     </span>
    </p>
   </div>
   <div class='ocr_carea' id='block_1_3' title="bbox 94 1575 1269 1655">
    <p class='ocr_par' dir='ltr' id='par_1_3' title="bbox 94 1575 1269 1655">
     <span class='ocr_line' id='line_1_12' title="bbox 94 1575 1269 1655; baseline 0 -15"><span class='ocrx_word' id='word_1_96' title='bbox 94 1577 96 1582; x_wconf 81' lang='grc'><strong>’</strong></span> <span class='ocrx_word' id='word_1_97' title='bbox 192 1581 328 1640; x_wconf 85' lang='lat' dir='ltr'><strong>dixerunt</strong></span> <span class='ocrx_word' id='word_1_98' title='bbox 348 1575 487 1641; x_wconf 73' lang='grc' dir='ltr'><strong>εὗδοκεΐν</strong></span> <span class='ocrx_word' id='word_1_99' title='bbox 508 1576 572 1638; x_wconf 77' lang='lat' dir='ltr'><strong>ervi</strong></span> <span class='ocrx_word' id='word_1_100' title='bbox 595 1579 698 1654; x_wconf 84' lang='lat' dir='ltr'><strong>(alicui</strong></span> <span class='ocrx_word' id='word_1_101' title='bbox 720 1580 891 1655; x_wconf 87' lang='lat' dir='ltr'><strong>consentire,</strong></span> <span class='ocrx_word' id='word_1_102' title='bbox 911 1596 973 1638; x_wconf 92' lang='lat' dir='ltr'><strong>rem</strong></span> <span class='ocrx_word' id='word_1_103' title='bbox 994 1582 1175 1640; x_wconf 72' lang='lat' dir='ltr'><strong>hominemne</strong></span> <span class='ocrx_word' id='word_1_104' title='bbox 1195 1597 1269 1653; x_wconf 91' lang='lat' dir='ltr'><strong>pro-</strong></span> 
     </span>
    </p>
   </div>
   <div class='ocr_carea' id='block_1_4' title="bbox 136 1681 1272 2876">
    <p class='ocr_par' dir='ltr' id='par_1_4' title="bbox 192 1681 1271 2467">
     <span class='ocr_line' id='line_1_13' title="bbox 194 1681 1271 1759; baseline -0.001 -18"><span class='ocrx_word' id='word_1_105' title='bbox 194 1685 301 1759; x_wconf 81' lang='lat' dir='ltr'><strong>bare),</strong></span> <span class='ocrx_word' id='word_1_106' title='bbox 327 1681 458 1755; x_wconf 82' lang='lat' dir='ltr'><strong>exempla</strong></span> <span class='ocrx_word' id='word_1_107' title='bbox 484 1687 578 1740; x_wconf 91' lang='lat' dir='ltr'><strong>tamen</strong></span> <span class='ocrx_word' id='word_1_108' title='bbox 606 1681 693 1740; x_wconf 80' lang='lat' dir='ltr'><strong>nnius</strong></span> <span class='ocrx_word' id='word_1_109' title='bbox 717 1681 859 1740; x_wconf 77' lang='lat' dir='ltr'><strong>formulae</strong></span> <span class='ocrx_word' id='word_1_110' title='bbox 884 1683 913 1740; x_wconf 91' lang='lat' dir='ltr'><strong>in</strong></span> <span class='ocrx_word' id='word_1_111' title='bbox 940 1682 978 1739; x_wconf 85' lang='lat' dir='ltr'><strong>N.</strong></span> <span class='ocrx_word' id='word_1_112' title='bbox 998 1683 1034 1740; x_wconf 86' lang='lat' dir='ltr'><strong>F.</strong></span> <span class='ocrx_word' id='word_1_113' title='bbox 1061 1683 1271 1758; x_wconf 87' lang='lat' dir='ltr'><strong>desideramus,</strong></span> 
     </span>
     <span class='ocr_line' id='line_1_14' title="bbox 192 1783 1270 1859; baseline -0.001 -16"><span class='ocrx_word' id='word_1_114' title='bbox 192 1799 286 1856; x_wconf 88' lang='lat' dir='ltr'><strong>neque</strong></span> <span class='ocrx_word' id='word_1_115' title='bbox 314 1784 418 1859; x_wconf 80' lang='lat' dir='ltr'><strong>negari</strong></span> <span class='ocrx_word' id='word_1_116' title='bbox 443 1785 551 1859; x_wconf 87' lang='lat' dir='ltr'><strong>potest,</strong></span> <span class='ocrx_word' id='word_1_117' title='bbox 581 1783 768 1854; x_wconf 85' lang='lat' dir='ltr'><strong>scriptoribus</strong></span> <span class='ocrx_word' id='word_1_118' title='bbox 794 1785 887 1842; x_wconf 85' lang='lat' dir='ltr'><strong>saeris</strong></span> <span class='ocrx_word' id='word_1_119' title='bbox 914 1787 1032 1856; x_wconf 86' lang='lat' dir='ltr'><strong>propter</strong></span> <span class='ocrx_word' id='word_1_120' title='bbox 1061 1785 1156 1857; x_wconf 88' lang='lat' dir='ltr'><strong>ipsum</strong></span> <span class='ocrx_word' id='word_1_121' title='bbox 1183 1799 1270 1842; x_wconf 81' lang='lat' dir='ltr'><strong>usam</strong></span> 
     </span>
     <span class='ocr_line' id='line_1_15' title="bbox 193 1879 1270 1973; baseline 0.003 -31"><span class='ocrx_word' id='word_1_122' title='bbox 193 1883 274 1942; x_wconf 80' lang='lat' dir='ltr'><strong>iieir.</strong></span> <span class='ocrx_word' id='word_1_123' title='bbox 298 1895 371 1972; x_wconf 58' lang='lat' dir='ltr'><strong>ypra</strong></span> <span class='ocrx_word' id='word_1_124' title='bbox 391 1887 420 1941; x_wconf 80' lang='lat' dir='ltr'><strong>et</strong></span> <span class='ocrx_word' id='word_1_125' title='bbox 441 1893 515 1972; x_wconf 58' lang='grc' dir='ltr'><strong>ἕπῃ</strong></span> <span class='ocrx_word' id='word_1_126' title='bbox 536 1899 595 1958; x_wconf 78' lang='lat' dir='ltr'><strong>seq·</strong></span> <span class='ocrx_word' id='word_1_127' title='bbox 618 1898 639 1973; x_wconf 54' lang='lat' dir='ltr'><strong>n</strong></span> <span class='ocrx_word' id='word_1_128' title='bbox 659 1883 739 1943; x_wconf 83' lang='lat' dir='ltr'><strong>iiiam</strong></span> <span class='ocrx_word' id='word_1_129' title='bbox 760 1885 888 1942; x_wconf 87' lang='lat' dir='ltr'><strong>struendi</strong></span> <span class='ocrx_word' id='word_1_130' title='bbox 908 1885 1045 1943; x_wconf 87' lang='lat' dir='ltr'><strong>rationem</strong></span> <span class='ocrx_word' id='word_1_131' title='bbox 1067 1879 1209 1946; x_wconf 79' lang='grc' dir='ltr'><em>εὐδοκεῖν</em></span> <span class='ocrx_word' id='word_1_132' title='bbox 1230 1880 1270 1945; x_wconf 80' lang='grc' dir='ltr'><strong>ἔν</strong></span> 
     </span>
     <span class='ocr_line' id='line_1_16' title="bbox 196 1985 1270 2063; baseline -0.001 -19"><span class='ocrx_word' id='word_1_133' title='bbox 196 2002 259 2044; x_wconf 77' lang='grc' dir='ltr'><strong>ται</strong></span> <span class='ocrx_word' id='word_1_134' title='bbox 280 1985 375 2060; x_wconf 79' lang='lat' dir='ltr'><strong>magis</strong></span> <span class='ocrx_word' id='word_1_135' title='bbox 393 1985 488 2043; x_wconf 80' lang='lat' dir='ltr'><strong>ruisse</strong></span> <span class='ocrx_word' id='word_1_136' title='bbox 507 1985 538 2042; x_wconf 90' lang='lat' dir='ltr'><strong>in</strong></span> <span class='ocrx_word' id='word_1_137' title='bbox 557 1988 670 2057; x_wconf 92' lang='lat' dir='ltr'><strong>promtu</strong></span> <span class='ocrx_word' id='word_1_138' title='bbox 685 1985 815 2057; x_wconf 87' lang='lat' dir='ltr'><strong>positam.</strong></span> <span class='ocrx_word' id='word_1_139' title='bbox 857 1987 981 2045; x_wconf 85' lang='lat' dir='ltr'><strong>Proinde</strong></span> <span class='ocrx_word' id='word_1_140' title='bbox 999 1986 1170 2060; x_wconf 80' lang='lat' dir='ltr'><strong>scripturam</strong></span> <span class='ocrx_word' id='word_1_141' title='bbox 1186 1986 1270 2063; x_wconf 83' lang='lat' dir='ltr'><strong>vulg.</strong></span> 
     </span>
     <span class='ocr_line' id='line_1_17' title="bbox 194 2086 1271 2164; baseline 0.004 -22"><span class='ocrx_word' id='word_1_142' title='bbox 194 2091 366 2161; x_wconf 86' lang='lat' dir='ltr'><strong>postponere</strong></span> <span class='ocrx_word' id='word_1_143' title='bbox 386 2087 466 2144; x_wconf 92' lang='lat' dir='ltr'><strong>nolui</strong></span> <span class='ocrx_word' id='word_1_144' title='bbox 484 2086 600 2145; x_wconf 89' lang='lat' dir='ltr'><strong>lectioni</strong></span> <span class='ocrx_word' id='word_1_145' title='bbox 621 2087 747 2145; x_wconf 83' lang='lat' dir='ltr'><strong>breviori</strong></span> <span class='ocrx_word' id='word_1_146' title='bbox 773 2087 879 2161; x_wconf 86' lang='lat' dir='ltr'><strong>aliquot</strong></span> <span class='ocrx_word' id='word_1_147' title='bbox 901 2089 1048 2164; x_wconf 90' lang='lat' dir='ltr'><strong>codicum,</strong></span> <span class='ocrx_word' id='word_1_148' title='bbox 1074 2089 1271 2160; x_wconf 87' lang='lat' dir='ltr'><strong>praestantio-</strong></span> 
     </span>
     <span class='ocr_line' id='line_1_18' title="bbox 194 2187 1271 2267; baseline 0.003 -22"><span class='ocrx_word' id='word_1_149' title='bbox 194 2201 260 2245; x_wconf 90' lang='lat' dir='ltr'><strong>rum</strong></span> <span class='ocrx_word' id='word_1_150' title='bbox 286 2187 415 2262; x_wconf 89' lang='lat' dir='ltr'><strong>quidem,</strong></span> <span class='ocrx_word' id='word_1_151' title='bbox 446 2187 666 2260; x_wconf 75' lang='lat' dir='ltr'><strong>sessionemque</strong></span> <span class='ocrx_word' id='word_1_152' title='bbox 690 2187 784 2264; x_wconf 80' lang='lat' dir='ltr'><strong>Vulg.</strong></span> <span class='ocrx_word' id='word_1_153' title='bbox 818 2189 950 2262; x_wconf 86' lang='lat' dir='ltr'><strong>autiquae</strong></span> <span class='ocrx_word' id='word_1_154' title='bbox 975 2191 1011 2248; x_wconf 86' lang='lat' dir='ltr'><strong>lt.</strong></span> <span class='ocrx_word' id='word_1_155' title='bbox 1037 2189 1153 2267; x_wconf 76' lang='lat' dir='ltr'><strong>eamd,</strong></span> <span class='ocrx_word' id='word_1_156' title='bbox 1182 2207 1271 2264; x_wconf 85' lang='lat' dir='ltr'><strong>quam</strong></span> 
     </span>
     <span class='ocr_line' id='line_1_19' title="bbox 195 2284 1270 2371; baseline 0.004 -25"><span class='ocrx_word' id='word_1_157' title='bbox 195 2289 311 2361; x_wconf 90' lang='lat' dir='ltr'><strong>insuper</strong></span> <span class='ocrx_word' id='word_1_158' title='bbox 337 2293 433 2364; x_wconf 88' lang='lat' dir='ltr'><strong>patres</strong></span> <span class='ocrx_word' id='word_1_159' title='bbox 459 2289 575 2363; x_wconf 87' lang='lat' dir='ltr'><strong>quidam</strong></span> <span class='ocrx_word' id='word_1_160' title='bbox 606 2289 755 2364; x_wconf 78' lang='lat' dir='ltr'><strong>aliquoties</strong></span> <span class='ocrx_word' id='word_1_161' title='bbox 781 2289 930 2366; x_wconf 79' lang='lat' dir='ltr'><strong>exidhent,</strong></span> <span class='ocrx_word' id='word_1_162' title='bbox 963 2284 1196 2364; x_wconf 73' lang='grc' dir='ltr'><strong>εὐδοκήσαντες</strong></span> <span class='ocrx_word' id='word_1_163' title='bbox 1229 2291 1270 2371; x_wconf 72' lang='grc' dir='ltr'><strong>τῇ·</strong></span> 
     </span>
     <span class='ocr_line' id='line_1_20' title="bbox 196 2383 317 2467; baseline -0.017 -19"><span class='ocrx_word' id='word_1_164' title='bbox 196 2383 317 2467; x_wconf 73' lang='grc' dir='ltr'><strong>ἀδικία.</strong></span> 
     </span>
    </p>

    <p class='ocr_par' dir='ltr' id='par_1_5' title="bbox 136 2476 1272 2876">
     <span class='ocr_line' id='line_1_21' title="bbox 162 2476 1272 2570; baseline 0.001 -19"><span class='ocrx_word' id='word_1_165' title='bbox 162 2503 167 2515; x_wconf 84' lang='grc'><strong><em>’</em></strong></span> <span class='ocrx_word' id='word_1_166' title='bbox 282 2493 424 2552; x_wconf 84' lang='lat' dir='ltr'><strong>Absoluta</strong></span> <span class='ocrx_word' id='word_1_167' title='bbox 459 2482 629 2554; x_wconf 84' lang='lat' dir='ltr'><strong>commatum</strong></span> <span class='ocrx_word' id='word_1_168' title='bbox 662 2476 841 2570; x_wconf 64' lang='lat' dir='ltr'><strong>dn‘gqurum</strong></span> <span class='ocrx_word' id='word_1_169' title='bbox 881 2490 968 2554; x_wconf 89' lang='lat' dir='ltr'><strong>huius</strong></span> <span class='ocrx_word' id='word_1_170' title='bbox 1008 2492 1094 2553; x_wconf 84' lang='lat' dir='ltr'><strong>totius</strong></span> <span class='ocrx_word' id='word_1_171' title='bbox 1132 2491 1272 2554; x_wconf 83' lang='lat' dir='ltr'><strong>sectionis</strong></span> 
     </span>
     <span class='ocr_line' id='line_1_22' title="bbox 136 2585 1270 2672; baseline -0.001 -18"><span class='ocrx_word' id='word_1_172' title='bbox 136 2585 141 2594; x_wconf 70' lang='grc'><em>’</em></span> <span class='ocrx_word' id='word_1_173' title='bbox 196 2614 227 2654; x_wconf 85' lang='lat' dir='ltr'><strong>v.</strong></span> <span class='ocrx_word' id='word_1_174' title='bbox 249 2593 375 2653; x_wconf 76' lang='lat'><strong>1-12.</strong></span> <span class='ocrx_word' id='word_1_175' title='bbox 396 2593 585 2666; x_wconf 83' lang='lat' dir='ltr'><strong>explicatione</strong></span> <span class='ocrx_word' id='word_1_176' title='bbox 613 2597 759 2672; x_wconf 77' lang='lat' dir='ltr'><strong>sequitur,</strong></span> <span class='ocrx_word' id='word_1_177' title='bbox 784 2600 818 2653; x_wconf 92' lang='lat' dir='ltr'><strong>ut</strong></span> <span class='ocrx_word' id='word_1_178' title='bbox 843 2595 999 2670; x_wconf 88' lang='lat' dir='ltr'><strong>quaestioni</strong></span> <span class='ocrx_word' id='word_1_179' title='bbox 1024 2595 1106 2654; x_wconf 90' lang='lat' dir='ltr'><strong>varie</strong></span> <span class='ocrx_word' id='word_1_180' title='bbox 1130 2595 1270 2653; x_wconf 86' lang='lat' dir='ltr'><strong>muitum-</strong></span> 
     </span>
     <span class='ocr_line' id='line_1_23' title="bbox 199 2683 1271 2772; baseline -0.001 -18"><span class='ocrx_word' id='word_1_181' title='bbox 199 2713 255 2772; x_wconf 90' lang='lat' dir='ltr'><strong>que</strong></span> <span class='ocrx_word' id='word_1_182' title='bbox 275 2695 416 2771; x_wconf 78' lang='lat' dir='ltr'><strong>agitatae,</strong></span> <span class='ocrx_word' id='word_1_183' title='bbox 443 2710 516 2769; x_wconf 85' lang='lat' dir='ltr'><strong>quoe</strong></span> <span class='ocrx_word' id='word_1_184' title='bbox 535 2683 664 2770; x_wconf 86' lang='lat' dir='ltr'><strong>tempora</strong></span> <span class='ocrx_word' id='word_1_185' title='bbox 688 2700 718 2756; x_wconf 90' lang='lat' dir='ltr'><strong>et</strong></span> <span class='ocrx_word' id='word_1_186' title='bbox 737 2701 841 2756; x_wconf 85' lang='lat' dir='ltr'><strong>eventa</strong></span> <span class='ocrx_word' id='word_1_187' title='bbox 865 2697 940 2756; x_wconf 81' lang='lat' dir='ltr'><strong>hoec</strong></span> <span class='ocrx_word' id='word_1_188' title='bbox 960 2697 1092 2770; x_wconf 83' lang='lat' dir='ltr'><strong>Apostoli</strong></span> <span class='ocrx_word' id='word_1_189' title='bbox 1118 2695 1271 2769; x_wconf 81' lang='lat' dir='ltr'><strong>prophetia</strong></span> 
     </span>
     <span class='ocr_line' id='line_1_24' title="bbox 197 2796 1271 2876; baseline -0.003 -20"><span class='ocrx_word' id='word_1_190' title='bbox 197 2796 432 2871; x_wconf 88' lang='lat' dir='ltr'><strong>adumbraverit,</strong></span> <span class='ocrx_word' id='word_1_191' title='bbox 457 2800 592 2870; x_wconf 85' lang='lat' dir='ltr'><strong>quantum</strong></span> <span class='ocrx_word' id='word_1_192' title='bbox 622 2797 685 2857; x_wconf 85' lang='lat' dir='ltr'><strong>lieri</strong></span> <span class='ocrx_word' id='word_1_193' title='bbox 715 2799 823 2876; x_wconf 87' lang='lat' dir='ltr'><strong>possit,</strong></span> <span class='ocrx_word' id='word_1_194' title='bbox 855 2799 1073 2858; x_wconf 75' lang='lat' dir='ltr'><strong>satisfaciamus.</strong></span> <span class='ocrx_word' id='word_1_195' title='bbox 1121 2797 1271 2873; x_wconf 86' lang='lat' dir='ltr'><strong>insignem</strong></span> 
     </span>
    </p>
   </div>
   <div class='ocr_carea' id='block_1_5' title="bbox 107 2897 1271 2975">
    <p class='ocr_par' dir='ltr' id='par_1_6' title="bbox 107 2897 1271 2975">
     <span class='ocr_line' id='line_1_25' title="bbox 107 2897 1271 2975; baseline 0 -19"><span class='ocrx_word' id='word_1_196' title='bbox 107 2919 111 2926; x_wconf 94' lang='lat'>·</span> <span class='ocrx_word' id='word_1_197' title='bbox 196 2915 269 2958; x_wconf 86' lang='lat' dir='ltr'><strong>vero</strong></span> <span class='ocrx_word' id='word_1_198' title='bbox 294 2897 497 2956; x_wconf 86' lang='lat' dir='ltr'><strong>sententiarum</strong></span> <span class='ocrx_word' id='word_1_199' title='bbox 521 2897 716 2958; x_wconf 86' lang='lat' dir='ltr'><strong>diversitatem</strong></span> <span class='ocrx_word' id='word_1_200' title='bbox 741 2916 798 2975; x_wconf 90' lang='lat' dir='ltr'><strong>qno</strong></span> <span class='ocrx_word' id='word_1_201' title='bbox 823 2901 941 2961; x_wconf 83' lang='lat' dir='ltr'><strong>brevius</strong></span> <span class='ocrx_word' id='word_1_202' title='bbox 968 2905 998 2959; x_wconf 88' lang='lat' dir='ltr'><strong>et</strong></span> <span class='ocrx_word' id='word_1_203' title='bbox 1021 2900 1129 2958; x_wconf 85' lang='lat' dir='ltr'><strong>rectius</strong></span> <span class='ocrx_word' id='word_1_204' title='bbox 1156 2899 1271 2957; x_wconf 87' lang='lat' dir='ltr'><strong>exami-</strong></span> 
     </span>
    </p>
   </div>
   <div class='ocr_carea' id='block_1_6' title="bbox 126 2997 1279 4302">
    <p class='ocr_par' dir='ltr' id='par_1_7' title="bbox 126 2997 1279 4302">
     <span class='ocr_line' id='line_1_26' title="bbox 198 2997 1279 3078; baseline -0.005 -16"><span class='ocrx_word' id='word_1_205' title='bbox 198 3017 317 3077; x_wconf 86' lang='lat' dir='ltr'><strong>nemus,</strong></span> <span class='ocrx_word' id='word_1_206' title='bbox 346 3003 413 3056; x_wconf 88' lang='lat' dir='ltr'><strong>ante</strong></span> <span class='ocrx_word' id='word_1_207' title='bbox 433 2997 527 3056; x_wconf 92' lang='lat' dir='ltr'><strong>omnia</strong></span> <span class='ocrx_word' id='word_1_208' title='bbox 546 3001 647 3073; x_wconf 87' lang='lat' dir='ltr'><strong>paucis</strong></span> <span class='ocrx_word' id='word_1_209' title='bbox 667 3001 751 3078; x_wconf 82' lang='lat' dir='ltr'><strong>leges</strong></span> <span class='ocrx_word' id='word_1_210' title='bbox 773 3004 986 3062; x_wconf 69' lang='lat' dir='ltr'><strong>constituendae</strong></span> <span class='ocrx_word' id='word_1_211' title='bbox 1006 3005 1094 3078; x_wconf 85' lang='lat' dir='ltr'><strong>sunt,</strong></span> <span class='ocrx_word' id='word_1_212' title='bbox 1112 3017 1188 3074; x_wconf 90' lang='lat' dir='ltr'><strong>quae</strong></span> <span class='ocrx_word' id='word_1_213' title='bbox 1213 2997 1279 3058; x_wconf 79' lang='lat' dir='ltr'><strong>ve-&#39;</strong></span> 
     </span>
     <span class='ocr_line' id='line_1_27' title="bbox 198 3100 1271 3180; baseline -0.002 -19"><span class='ocrx_word' id='word_1_214' title='bbox 198 3118 260 3162; x_wconf 88' lang='lat' dir='ltr'><strong>ram</strong></span> <span class='ocrx_word' id='word_1_215' title='bbox 281 3103 368 3158; x_wconf 87' lang='lat' dir='ltr'><strong>totius</strong></span> <span class='ocrx_word' id='word_1_216' title='bbox 388 3100 514 3158; x_wconf 85' lang='lat' dir='ltr'><strong>vaticinii</strong></span> <span class='ocrx_word' id='word_1_217' title='bbox 534 3100 796 3175; x_wconf 90' lang='lat' dir='ltr'><strong>interpretationem</strong></span> <span class='ocrx_word' id='word_1_218' title='bbox 816 3103 959 3161; x_wconf 86' lang='lat' dir='ltr'><strong>deliniant.</strong></span> <span class='ocrx_word' id='word_1_219' title='bbox 987 3103 1029 3180; x_wconf 79' lang='lat'><strong>1)</strong></span> <span class='ocrx_word' id='word_1_220' title='bbox 1043 3105 1127 3175; x_wconf 71' lang='lat' dir='ltr'><strong>Quae</strong></span> <span class='ocrx_word' id='word_1_221' title='bbox 1140 3106 1215 3177; x_wconf 79' lang='lat' dir='ltr'><strong>Cup.</strong></span> <span class='ocrx_word' id='word_1_222' title='bbox 1222 3103 1271 3164; x_wconf 84' lang='grc'><strong>11.</strong></span> 
     </span>
     <span class='ocr_line' id='line_1_28' title="bbox 198 3196 1272 3284; baseline -0.001 -21"><span class='ocrx_word' id='word_1_223' title='bbox 198 3207 310 3263; x_wconf 73' lang='lat' dir='ltr'><strong>dietim</strong></span> <span class='ocrx_word' id='word_1_224' title='bbox 332 3198 538 3279; x_wconf 73' lang='grc' dir='ltr'><strong><em>παρουσία</em></strong></span> <span class='ocrx_word' id='word_1_225' title='bbox 560 3207 622 3262; x_wconf 82' lang='lat' dir='ltr'><strong>aloe</strong></span> <span class='ocrx_word' id='word_1_226' title='bbox 647 3196 773 3284; x_wconf 72' lang='grc' dir='ltr'><strong><em>ἡμέρα</em></strong></span> <span class='ocrx_word' id='word_1_227' title='bbox 800 3205 868 3265; x_wconf 74' lang='grc' dir='ltr'><strong>τοῦ</strong></span> <span class='ocrx_word' id='word_1_228' title='bbox 896 3201 1050 3282; x_wconf 72' lang='grc' dir='ltr'><strong><em>κυρίου,</em></strong></span> <span class='ocrx_word' id='word_1_229' title='bbox 1079 3205 1167 3264; x_wconf 77' lang='lat' dir='ltr'><strong>cuiue</strong></span> <span class='ocrx_word' id='word_1_230' title='bbox 1192 3219 1272 3278; x_wconf 82' lang='lat' dir='ltr'><strong>pro-</strong></span> 
     </span>
     <span class='ocr_line' id='line_1_29' title="bbox 197 3307 1272 3382; baseline 0 -18"><span class='ocrx_word' id='word_1_231' title='bbox 197 3308 375 3382; x_wconf 75' lang='lat' dir='ltr'><strong>pinqoitate</strong></span> <span class='ocrx_word' id='word_1_232' title='bbox 394 3320 529 3362; x_wconf 75' lang='lat' dir='ltr'><strong>mmcvae</strong></span> <span class='ocrx_word' id='word_1_233' title='bbox 551 3307 726 3365; x_wconf 77' lang='lat' dir='ltr'><strong>documento</strong></span> <span class='ocrx_word' id='word_1_234' title='bbox 747 3313 828 3364; x_wconf 85' lang='lat' dir='ltr'><strong>eerto</strong></span> <span class='ocrx_word' id='word_1_235' title='bbox 848 3309 1031 3366; x_wconf 66' lang='lat' dir='ltr'><strong>inservitura</strong></span> <span class='ocrx_word' id='word_1_236' title='bbox 1055 3309 1095 3366; x_wconf 81' lang='lat' dir='ltr'><strong>stt</strong></span> <span class='ocrx_word' id='word_1_237' title='bbox 1120 3307 1272 3381; x_wconf 76' lang='lat' dir='ltr'><strong>apparitio</strong></span> 
     </span>
     <span class='ocr_line' id='line_1_30' title="bbox 198 3398 1272 3486; baseline -0.001 -19"><span class='ocrx_word' id='word_1_238' title='bbox 198 3409 326 3467; x_wconf 72' lang='lat' dir='ltr'><strong>conducis</strong></span> <span class='ocrx_word' id='word_1_239' title='bbox 353 3407 421 3480; x_wconf 74' lang='grc' dir='ltr'><strong>τῆς</strong></span> <span class='ocrx_word' id='word_1_240' title='bbox 446 3398 670 3486; x_wconf 76' lang='grc' dir='ltr'><strong><em>ἁμαρτίας,</em></strong></span> <span class='ocrx_word' id='word_1_241' title='bbox 696 3421 807 3479; x_wconf 84' lang='lat' dir='ltr'><strong>parum</strong></span> <span class='ocrx_word' id='word_1_242' title='bbox 827 3413 907 3466; x_wconf 83' lang='lat' dir='ltr'><strong>recte</strong></span> <span class='ocrx_word' id='word_1_243' title='bbox 928 3409 965 3465; x_wconf 81' lang='lat' dir='ltr'><strong>de</strong></span> <span class='ocrx_word' id='word_1_244' title='bbox 985 3413 1118 3481; x_wconf 81' lang='lat' dir='ltr'><strong>tempore</strong></span> <span class='ocrx_word' id='word_1_245' title='bbox 1138 3409 1272 3468; x_wconf 66' lang='lat' dir='ltr'><strong>eenric-</strong></span> 
     </span>
     <span class='ocr_line' id='line_1_31' title="bbox 198 3509 1273 3585; baseline 0.005 -19"><span class='ocrx_word' id='word_1_246' title='bbox 198 3512 248 3566; x_wconf 65' lang='grc' dir='ltr'><strong>αα</strong></span> <span class='ocrx_word' id='word_1_247' title='bbox 278 3509 556 3585; x_wconf 75' lang='lat' dir='ltr'><strong>Hierosolymorum</strong></span> <span class='ocrx_word' id='word_1_248' title='bbox 587 3509 768 3582; x_wconf 77' lang='lat' dir='ltr'><strong>tnteltiqitor.</strong></span> <span class='ocrx_word' id='word_1_249' title='bbox 817 3509 974 3568; x_wconf 73' lang='lat' dir='ltr'><strong>nocuimus</strong></span> <span class='ocrx_word' id='word_1_250' title='bbox 1006 3525 1094 3581; x_wconf 89' lang='lat' dir='ltr'><strong>supra</strong></span> <span class='ocrx_word' id='word_1_251' title='bbox 1125 3509 1163 3568; x_wconf 86' lang='lat' dir='ltr'><strong>ad</strong></span> <span class='ocrx_word' id='word_1_252' title='bbox 1188 3525 1218 3566; x_wconf 90' lang='lat' dir='ltr'><strong>v.</strong></span> <span class='ocrx_word' id='word_1_253' title='bbox 1239 3509 1273 3571; x_wconf 90' lang='grc'><strong>1.</strong></span> 
     </span>
     <span class='ocr_line' id='line_1_32' title="bbox 198 3605 1272 3686; baseline 0 -18"><span class='ocrx_word' id='word_1_254' title='bbox 198 3611 360 3668; x_wconf 89' lang='lat' dir='ltr'><strong>&#39;sermonem</strong></span> <span class='ocrx_word' id='word_1_255' title='bbox 379 3623 446 3666; x_wconf 88' lang='lat' dir='ltr'><strong>esse</strong></span> <span class='ocrx_word' id='word_1_256' title='bbox 466 3609 503 3666; x_wconf 93' lang='lat' dir='ltr'><strong>de</strong></span> <span class='ocrx_word' id='word_1_257' title='bbox 522 3610 624 3666; x_wconf 87' lang='lat' dir='ltr'><strong>eadem</strong></span> <span class='ocrx_word' id='word_1_258' title='bbox 640 3608 755 3667; x_wconf 89' lang='lat' dir='ltr'><strong>iiomini</strong></span> <span class='ocrx_word' id='word_1_259' title='bbox 774 3605 934 3686; x_wconf 75' lang='grc' dir='ltr'><strong><em>παρουσίᾳ</em></strong></span> <span class='ocrx_word' id='word_1_260' title='bbox 954 3609 993 3666; x_wconf 88' lang='lat' dir='ltr'><strong>ad</strong></span> <span class='ocrx_word' id='word_1_261' title='bbox 1013 3609 1150 3667; x_wconf 89' lang='lat' dir='ltr'><strong>indicium</strong></span> <span class='ocrx_word' id='word_1_262' title='bbox 1170 3617 1272 3668; x_wconf 89' lang='lat' dir='ltr'><strong>extre-</strong></span> 
     </span>
     <span class='ocr_line' id='line_1_33' title="bbox 201 3709 1271 3788; baseline 0.004 -20"><span class='ocrx_word' id='word_1_263' title='bbox 201 3725 288 3786; x_wconf 89' lang='lat' dir='ltr'><strong>mum,</strong></span> <span class='ocrx_word' id='word_1_264' title='bbox 308 3723 393 3782; x_wconf 85' lang='lat' dir='ltr'><strong>quam</strong></span> <span class='ocrx_word' id='word_1_265' title='bbox 413 3710 503 3767; x_wconf 85' lang='lat' dir='ltr'><strong>oratio</strong></span> <span class='ocrx_word' id='word_1_266' title='bbox 517 3711 600 3768; x_wconf 83' lang='lat' dir='ltr'><strong>Penii</strong></span> <span class='ocrx_word' id='word_1_267' title='bbox 621 3709 653 3768; x_wconf 86' lang='lat' dir='ltr'><strong>C.</strong></span> <span class='ocrx_word' id='word_1_268' title='bbox 665 3711 689 3767; x_wconf 91' lang='lat'><strong>1.</strong></span> <span class='ocrx_word' id='word_1_269' title='bbox 709 3727 738 3766; x_wconf 93' lang='lat' dir='ltr'><strong>v.</strong></span> <span class='ocrx_word' id='word_1_270' title='bbox 755 3709 879 3768; x_wconf 73' lang='lat'><strong>7-12.</strong></span> <span class='ocrx_word' id='word_1_271' title='bbox 900 3711 1087 3769; x_wconf 88' lang='lat' dir='ltr'><strong>nuntiaverat.</strong></span> <span class='ocrx_word' id='word_1_272' title='bbox 1108 3711 1153 3788; x_wconf 77' lang='lat'><strong>2)</strong></span> <span class='ocrx_word' id='word_1_273' title='bbox 1167 3713 1271 3782; x_wconf 74' lang='lat' dir='ltr'><strong>Quae-</strong></span> 
     </span>
     <span class='ocr_line' id='line_1_34' title="bbox 199 3803 1271 3891; baseline 0.002 -20"><span class='ocrx_word' id='word_1_274' title='bbox 199 3827 319 3887; x_wconf 77' lang='lat' dir='ltr'><strong>cunque</strong></span> <span class='ocrx_word' id='word_1_275' title='bbox 339 3810 378 3869; x_wconf 79' lang='lat' dir='ltr'><strong>dc</strong></span> <span class='ocrx_word' id='word_1_276' title='bbox 397 3811 514 3868; x_wconf 75' lang='lat' dir='ltr'><strong>homine</strong></span> <span class='ocrx_word' id='word_1_277' title='bbox 535 3811 602 3886; x_wconf 77' lang='grc' dir='ltr'><strong>τῆς</strong></span> <span class='ocrx_word' id='word_1_278' title='bbox 623 3803 826 3891; x_wconf 74' lang='grc' dir='ltr'><strong><em>ἁμαρτίας</em></strong></span> <span class='ocrx_word' id='word_1_279' title='bbox 847 3815 1004 3891; x_wconf 73' lang='lat' dir='ltr'><strong>dueatur,</strong></span> <span class='ocrx_word' id='word_1_280' title='bbox 1032 3827 1194 3885; x_wconf 78' lang='lat' dir='ltr'><strong>personam</strong></span> <span class='ocrx_word' id='word_1_281' title='bbox 1215 3817 1271 3872; x_wconf 78' lang='lat' dir='ltr'><strong>tle-</strong></span> 
     </span>
     <span class='ocr_line' id='line_1_35' title="bbox 199 3913 1273 3991; baseline 0.004 -21"><span class='ocrx_word' id='word_1_282' title='bbox 199 3917 343 3991; x_wconf 79' lang='lat' dir='ltr'><strong>piapuni,</strong></span> <span class='ocrx_word' id='word_1_283' title='bbox 375 3927 430 3970; x_wconf 89' lang='lat' dir='ltr'><strong>uec</strong></span> <span class='ocrx_word' id='word_1_284' title='bbox 461 3917 632 3986; x_wconf 73' lang='lat' dir='ltr'><strong>argumenta</strong></span> <span class='ocrx_word' id='word_1_285' title='bbox 664 3916 803 3986; x_wconf 78' lang='lat' dir='ltr'><strong>apparent</strong></span> <span class='ocrx_word' id='word_1_286' title='bbox 833 3913 953 3988; x_wconf 89' lang='lat' dir='ltr'><strong>idonea,</strong></span> <span class='ocrx_word' id='word_1_287' title='bbox 978 3914 1081 3986; x_wconf 82' lang='lat' dir='ltr'><strong>quihus</strong></span> <span class='ocrx_word' id='word_1_288' title='bbox 1114 3915 1273 3990; x_wconf 76' lang='lat' dir='ltr'><strong>evincatur,</strong></span> 
     </span>
     <span class='ocr_line' id='line_1_36' title="bbox 126 4011 1272 4090; baseline -0.001 -16"><span class='ocrx_word' id='word_1_289' title='bbox 126 4031 131 4039; x_wconf 90' lang='lat'>·</span> <span class='ocrx_word' id='word_1_290' title='bbox 200 4014 371 4087; x_wconf 71' lang='lat' dir='ltr'><strong>Apostolum</strong></span> <span class='ocrx_word' id='word_1_291' title='bbox 391 4011 439 4070; x_wconf 92' lang='lat' dir='ltr'><strong>vel</strong></span> <span class='ocrx_word' id='word_1_292' title='bbox 458 4013 664 4072; x_wconf 86' lang='lat' dir='ltr'><strong>mrdtitudinem</strong></span> <span class='ocrx_word' id='word_1_293' title='bbox 684 4015 825 4087; x_wconf 88' lang='lat' dir='ltr'><strong>quandam</strong></span> <span class='ocrx_word' id='word_1_294' title='bbox 845 4013 999 4090; x_wconf 89' lang='lat' dir='ltr'><strong>hominum,</strong></span> <span class='ocrx_word' id='word_1_295' title='bbox 1019 4015 1069 4072; x_wconf 91' lang='lat' dir='ltr'><strong>vei</strong></span> <span class='ocrx_word' id='word_1_296' title='bbox 1087 4015 1183 4075; x_wconf 87' lang='lat' dir='ltr'><strong>ideam</strong></span> <span class='ocrx_word' id='word_1_297' title='bbox 1204 4020 1272 4073; x_wconf 86' lang='lat' dir='ltr'><strong>tan-</strong></span> 
     </span>
     <span class='ocr_line' id='line_1_37' title="bbox 200 4113 1271 4197; baseline 0.004 -26"><span class='ocrx_word' id='word_1_298' title='bbox 200 4119 261 4171; x_wconf 91' lang='lat' dir='ltr'><strong>tum</strong></span> <span class='ocrx_word' id='word_1_299' title='bbox 283 4115 329 4190; x_wconf 89' lang='lat' dir='ltr'><strong>(v.</strong></span> <span class='ocrx_word' id='word_1_300' title='bbox 352 4129 379 4170; x_wconf 93' lang='lat' dir='ltr'><strong>c.</strong></span> <span class='ocrx_word' id='word_1_301' title='bbox 399 4113 572 4188; x_wconf 87' lang='lat' dir='ltr'><strong>impietatem</strong></span> <span class='ocrx_word' id='word_1_302' title='bbox 592 4116 698 4190; x_wconf 88' lang='lat' dir='ltr'><strong>ipsam,</strong></span> <span class='ocrx_word' id='word_1_303' title='bbox 723 4114 911 4193; x_wconf 84' lang='lat' dir='ltr'><strong>atheismum)</strong></span> <span class='ocrx_word' id='word_1_304' title='bbox 940 4130 1082 4197; x_wconf 78' lang='lat' dir='ltr'><strong>personae</strong></span> <span class='ocrx_word' id='word_1_305' title='bbox 1105 4119 1201 4174; x_wconf 76' lang='lat' dir='ltr'><strong>forma</strong></span> <span class='ocrx_word' id='word_1_306' title='bbox 1222 4117 1271 4175; x_wconf 92' lang='lat' dir='ltr'><strong>in-</strong></span> 
     </span>
     <span class='ocr_line' id='line_1_38' title="bbox 201 4209 1270 4302; baseline 0.004 -29"><span class='ocrx_word' id='word_1_307' title='bbox 201 4217 297 4275; x_wconf 88' lang='lat' dir='ltr'><strong>dutam</strong></span> <span class='ocrx_word' id='word_1_308' title='bbox 328 4215 358 4274; x_wconf 87' lang='lat' dir='ltr'><strong>in</strong></span> <span class='ocrx_word' id='word_1_309' title='bbox 386 4219 481 4277; x_wconf 87' lang='lat' dir='ltr'><strong>mente</strong></span> <span class='ocrx_word' id='word_1_310' title='bbox 506 4217 649 4277; x_wconf 69' lang='lat' dir='ltr'><strong>meamne</strong></span> <span class='ocrx_word' id='word_1_311' title='bbox 700 4217 892 4276; x_wconf 81' lang='lat' dir='ltr'><strong>concedimus</strong></span> <span class='ocrx_word' id='word_1_312' title='bbox 923 4217 1038 4302; x_wconf 74' lang='lat' dir='ltr'><strong>quidem</strong></span> <span class='ocrx_word' id='word_1_313' title='bbox 1070 4218 1224 4279; x_wconf 73' lang='lat' dir='ltr'><strong>mdodm</strong></span> <span class='ocrx_word' id='word_1_314' title='bbox 1252 4209 1270 4277; x_wconf 83' lang='grc' dir='ltr'>ὅ</span> 
     </span>
    </p>
   </div>
   <div class='ocr_carea' id='block_1_7' title="bbox 0 0 1385 4820">
    <p class='ocr_par' dir='ltr' id='par_1_8' title="bbox 0 0 1385 4820">
     <span class='ocr_line' id='line_1_39' title="bbox 0 0 1385 4820; baseline 0 0"><span class='ocrx_word' id='word_1_315' title='bbox 0 0 1385 4820; x_wconf 95' lang='lat' dir='ltr'><strong> </strong></span> 
     </span>
    </p>
   </div>
  </div>
 </body>
</html>
