2734 4820
166 384 254 476 189,
327 385 435 474 Epist.
457 383 502 472 ll.
528 387 574 470 ad,
593 383 767 452 Thessali.
795 383 833 454 G·
848 384 876 470 t.
899 383 942 454 V·
957 381 1075 466 3-h.

162 561 223 621 nisi·
237 561 373 622 malueris
396 561 515 622 πᾶσιν
536 565 818 642 vertereaaununoa
837 557 912 620 inter
932 560 1109 646 vexationes,
1129 563 1180 620 vd.
1201 563 1237 622 ad

164 667 193 726 t.
215 665 316 724 These.
335 669 369 741 ³,
388 667 418 722 9.
464 664 598 722 Ceterum
617 663 686 720 huic
706 662 771 720 loeo
792 663 907 720 minime
928 665 1097 722 contradicit
1125 667 1238 721 edamur

164 768 191 828 t.
207 768 307 824 These.
325 767 356 842 1,
368 768 399 822 8.
414 768 447 825 9.
491 763 621 839 Etenim,
642 763 818 836 quoddama
841 761 972 830 πίστεως
993 765 1239 824 Thessalonicen·
1351 767 1352 838 l

162 867 236 926 dum
256 866 340 924 modo
362 881 567 924 conversorum
593 867 623 924 in
649 868 708 922 tota
728 865 902 924 Macedonia
929 869 958 922 et
976 865 1094 924 Achaia
1123 881 1238 924 aermo-

161 983 214 1026 nas
234 969 324 1041 ipsius
345 969 477 1042 Apostoli
497 969 704 1040 antevertant,
731 969 772 1024 ita
800 971 831 1025 ut
857 968 920 1039 ipse
947 982 1006 1034 pon
1026 983 1099 1039 opus
1119 966 1239 1026 haberet

161 1068 217 1126 hae
245 1070 282 1126 de
302 1085 335 1126 ra
362 1070 475 1127 demum
501 1070 624 1126 edocere
653 1069 774 1126 aliorum
800 1072 935 1126 coetuum
963 1068 1156 1144 Christianos,
1184 1084 1247 1145 neo¹

161 1173 273 1242 poterat
299 1185 354 1226 nae
380 1169 500 1250 debehat
527 1170 665 1243 impedire
690 1171 828 1246 Paulum,
855 1186 911 1244 quo
939 1170 1033 1228 minus
1060 1170 1124 1242 ipse
1154 1171 1239 1228 etiam

160 1271 350 1330 laetabundus
369 1271 546 1328 incrementa
565 1271 653 1330 huius
676 1271 788 1328 illorum
815 1268 942 1336 πίστεως
970 1275 999 1328 et
1027 1271 1155 1330 caritatis
1181 1286 1238 1343 pa-
1351 1301 1352 1340 ι

99 1451 101 1454 ¹
162 1374 219 1431 lam
241 1373 408 1430 celebraret.
456 1373 517 1438 Ouo
539 1370 696 1444 impensius
722 1373 826 1446 Apoat.
852 1374 889 1430 de
915 1373 972 1430 hoo
1000 1375 1076 1431 statu
1103 1372 1240 1431 laudabili
1351 1375 1352 1436 l

164 1473 462 1533 thessalonicensium
482 1473 655 1548 laetabatur,
681 1489 715 1531 eo
743 1473 930 1533 confidentius
957 1476 1106 1548 sperabat,
1133 1474 1239 1550 dignos

163 1577 230 1634 olim
254 1575 409 1634 iudicatum
436 1575 473 1632 iri
499 1577 590 1634 saluta
617 1577 702 1651 regni
722 1576 810 1634 divini
837 1593 866 1634 v.
886 1575 916 1634 h.
945 1569 1139 1652 ἔνδειγμα
1168 1565 1259 1648 erit*

138 1679 139 1682 ’
163 1684 219 1736 etc.
246 1672 455 1757 ἔνδειγμα,
484 1667 573 1746 ἅπαξ
608 1677 668 1754 irre
695 1678 726 1734 in
752 1677 791 1736 N.
817 1679 869 1753 it,
901 1679 977 1750 apud
1005 1679 1142 1749 profanos
1171 1675 1238 1753 (vd.

163 1779 302 1838 Relske
323 1780 418 1836 indeo
439 1779 590 1836 Demoatlt.
623 1781 676 1836 auh
697 1777 726 1834 h.
747 1779 796 1856 v.)
823 1778 861 1836 de
880 1780 986 1836 indicio
1013 1795 1039 1835 s,
1068 1782 1239 1853 argumento

162 1883 207 1941 rei
226 1883 395 1955 usurpetur,
421 1878 488 1952 iq.
515 1871 641 1954 ἔνδειξις
666 1879 731 1937 loco
753 1880 845 1938 simili.
873 1882 1003 1954 Philipp.
1019 1880 1051 1958 1,
1065 1879 1121 1939 28.
1172 1880 1239 1938 No·
1351 1865 1352 1936 Ῑ

163 1983 316 2041 minodvus
343 1985 388 2038 eet
408 1982 591 2039 enuntiationi
612 1982 795 2054 praecedenti
814 1957 867 2056 pe'r
887 1981 1091 2054 appositionem
1113 1973 1240 2057 aomina,

76 2080 78 2088 ’
163 2087 192 2146 t.
208 2085 380 2160 liutoldi,
395 2084 425 2140 o.
452 2081 636 2141 Matthiae
657 2082 807 2158 molitiei.
827 2085 937 2160 priecls
959 2084 1092 2143 Granum.
1110 2083 1177 2141 Vol.
1188 2083 1236 2142 11.

164 2187 209 2246 eci.
226 2186 273 2244 ti.
299 2202 331 2259 p.
344 2185 424 2242 804.
444 2197 507 2262 ap,
528 2183 548 2241 i.
569 2199 595 2258 q.
625 2177 644 2243 ὅ
666 2181 752 2245 ἐστιν
772 2177 920 2261 ἔνδειγμα
942 2190 998 2242 ete.
1019 2199 1098 2260 puae
1118 2186 1239 2260 padam

124 2327 129 2341 a
162 2294 263 2348 aestro
295 2285 501 2362 cotidianum
533 2285 694 2343 tolerantia
727 2287 837 2342 inclinio
863 2292 908 2344 eat
931 2283 1035 2359 fetori
1062 2287 1133 2346 oiim
1166 2289 1239 2346 tusa

163 2391 223 2450 Dei
243 2390 355 2447 iudicii.
405 2385 552 2445 Sententia
576 2389 695 2457 apparet
722 2386 837 2461 eadam
864 2387 890 2468 sl
918 2402 985 2444 cum
1012 2387 1158 2460 Koppio
1185 2381 1238 2448 ἴν-

164 2488 278 2570 esayae
297 2503 351 2561 pro
373 2485 429 2552 sic
451 2481 524 2546 i'vd.
551 2487 658 2543 dictum
679 2489 835 2559 putaveris
879 2487 962 2556 Quod
980 2490 1011 2545 ln
1031 2489 1133 2561 pannis
1154 2489 1238 2546 codd.

162 2595 192 2648 et
212 2589 289 2662 apud
312 2588 471 2665 Theoplayl.
492 2588 600 2663 legihrr
621 2585 664 2653 sic
685 2582 747 2648 ἴνδ.
776 2603 813 2646 ex
833 2588 890 2647 hec
915 2589 1148 2662 interpretatione
1173 2589 1237 2646 ori-

82 2707 84 2714 ·
163 2692 261 2767 glnem
287 2691 375 2748 duxit.
422 2692 467 2749 lie
491 2703 525 2746 re
551 2689 631 2764 ipse,
659 2705 732 2762 puae
756 2687 786 2747 h.
807 2691 827 2749 l.
855 2684 1040 2770 ἔνδειγμα
1069 2684 1239 2756 δικαίας

163 2789 328 2870 κρίσεως
349 2789 417 2849 τοῦ
440 2790 537 2850 daei
558 2791 732 2867 appelletur,
759 2793 789 2850 in
815 2795 964 2866 utramque
991 2795 1103 2864 partem
1130 2792 1237 2864 dispu-

163 2897 239 2971 tant,
264 2899 358 2951 utrum
388 2892 482 2968 (quod
507 2897 623 2964 praeter
655 2893 726 2952 alios
755 2894 949 2968 Calvinus,
973 2876 1239 2970 Baumgarten,

164 2995 309 3072 Koppe,
334 2994 415 3052 Pelt
439 2994 608 3071 voluerunt)
638 3009 803 3054 aerumnae
823 3001 851 3054 et
870 2997 1047 3054 cenationes
1068 2995 1239 3070 Intelligen-

163 3099 223 3156 tur:
255 3097 331 3170 quod
356 3111 411 3154 vos
441 3096 471 3153 in
496 3093 554 3153 hae
581 3096 641 3152 vita
668 3097 852 3172 adtigimlni,
881 3111 1041 3172 quenquam
1071 3091 1182 3155 atem
1210 3101 1240 3153 et
1351 3083 1352 3094 ’

164 3199 312 3257 mrimtem
334 3201 496 3268 constanter
515 3197 627 3274 tenetis,
647 3199 806 3256 adversarii
824 3201 938 3276 ¹aratam,
958 3213 1159 3256 aerumnarum
1179 3212 1239 3254 ve-

163 3303 286 3360 strarum
307 3287 453 3375 auctores,
474 3301 588 3356 armna
608 3314 747 3371 prospera
765 3300 902 3376 gaudent,
922 3315 959 3356 ex
980 3314 1015 3356 eo
1037 3303 1238 3376 argumentum

162 3404 220 3475 peti
239 3406 341 3477 potest,
360 3406 472 3474 tempus
493 3402 566 3474 lore,
586 3415 642 3474 quo
662 3401 768 3458 iustitia
789 3399 979 3458 divinavohie
1000 3400 1148 3458 meliorem
1168 3416 1238 3458 eor-

162 3507 219 3560 tanr
251 3506 418 3578 contingere
450 3501 561 3577 iuheat,
586 3503 651 3564 illis
678 3502 864 3575 deteriorem
895 3517 933 3558 an
968 3504 1154 3575 constantia,
1180 3517 1239 3574 qua
1351 3553 1352 3586 3

163 3603 436 3664 'lhessalonicenaes
464 3601 517 3660 has
538 3604 705 3660 vexationes
725 3606 872 3676 perierant
899 3602 1030 3678 (sebast
1059 3603 1240 3679 Schmidt,

162 3707 324 3778 Beuson,
344 3705 460 3776 Flatt,
482 3705 562 3779 alii):
584 3706 801 3776 perseverantia
819 3707 919 3760 vestra
939 3704 1028 3761 veluti
1048 3705 1167 3780 pignori
1186 3704 1238 3762 iu·

161 3809 253 3867 servit
280 3806 438 3878 felicitatis,
465 3806 547 3860 euius
574 3821 628 3862 vos
656 3806 723 3862 olim
751 3805 906 3878 participas
937 3807 1000 3862 deri
1021 3806 1126 3863 iuheblt
1147 3807 1240 3880 Deua,

162 3912 213 3984 qul
232 3923 285 3982 pro
304 3907 409 3966 iustitia
429 3921 541 3962 summa
561 3909 735 3964 constantiae
759 3911 877 3964 uestrae
902 3907 1082 3966 laudabiliter
1107 3908 1238 3978 preasti-

160 4015 210 4068 tec
229 4011 332 4068 deesse
352 4007 441 4066 nolrrit
465 4007 593 4080 praemia
619 4013 744 4065 aaarna.
789 4009 983 4086 limamque,
1011 4009 1126 4082 opinor,
1151 4008 1238 4066 altari

163 4111 432 4170 comunctissimum.
474 4109 642 4167 Aemmnao
663 4095 776 4184 quippe,
796 4125 849 4182 par
870 4127 904 4167 aa
919 4115 1072 4186 spectatae,
1092 4110 1236 4183 quomodo

161 4213 319 4286 potuissent
344 4211 489 4270 felicitatis
517 4213 632 4270 loturae
652 4211 767 4286 pignori
788 4212 946 4287 inservire,
972 4212 1030 4274 nisi
1057 4212 1176 4272 medem
1195 4212 1237 4268 ita
