2724 4826
239 381 348 472 Epist.
369 263 406 451 li
420 385 465 452 ud
486 381 661 457 Thessali.
685 383 725 452 0.
738 379 801 452 lv.
822 381 866 452 V.
891 379 1065 455 lo-le.
1118 381 1197 452 1³⁷

126 560 225 638 naret,
245 558 324 620 huual
343 559 459 620 laelius
478 558 734 636 demonstraveris,
755 575 850 638 quam
869 559 999 635 symbolo
1017 563 1127 622 nomm
1145 558 1199 620 vi·-

124 669 170 722 tae
192 665 312 722 ruterae
331 667 362 722 et
385 662 601 721 immortalitatis
629 663 707 736 apud
726 663 847 722 Paulum
866 661 1035 722 inserviisse
1061 665 1201 728 formulas

124 769 302 823 morurerum
327 765 565 824 remmononem
589 763 801 837 medicantes.
841 764 885 842 α]
907 765 1073 840 quanquam
1092 765 1203 824 Paulus

125 868 369 942 probauerant,
394 881 476 939 spem
501 867 613 924 reditus
633 865 742 924 christi
767 881 854 924 sensu
880 865 996 939 proprie
1023 881 1091 924 mox
1110 866 1202 926 futuri

125 969 199 1026 luter
212 967 392 1026 christianos
409 967 552 1026 'l'lressall
572 967 603 1024 in
622 967 761 1025 eiusmodi
776 968 1015 1039 erspeotationem
1024 983 1123 1026 morae
1142 967 1201 1028 im-

125 1067 279 1144 patientem
305 1070 428 1146 enimse,
454 1085 529 1144 quae
553 1069 665 1138 animus
689 1067 772 1127 vario
792 1071 877 1128 morlo
903 1071 1097 1147 perturbaret,
1123 1083 1202 1128 nun-

126 1187 211 1246 quam
226 1177 321 1228 nmen
340 1159 399 1228 vel*
407 1170 600 1243 impatientiae
618 1170 668 1229 nel
686 1169 869 1230 sollicitudini
888 1171 1001 1229 illorum
1015 1171 1100 1228 aiam
1114 1186 1203 1244 pror-

126 1289 177 1332 sus
203 1274 243 1330 de
268 1267 431 1351 παρουσία
449 1271 562 1331 Domini
587 1276 667 1332 reete
692 1271 879 1332 aestumanda
902 1272 1118 1346 persuasionem
1145 1287 1203 1346 op·

125 1377 221 1450 posuit
242 1373 317 1450 (non
337 1373 449 1450 denuit,
468 1377 565 1432 autum
585 1374 726 1448 quendam
744 1391 770 1432 s.
790 1373 974 1433 elileieutiem
994 1389 1074 1433 mere
1093 1375 1203 1433 meiat-

127 1481 215 1538 ta'leue
236 1476 400 1536 Servatoris
419 1474 559 1552 intelligi,
583 1467 668 1535 euius
694 1474 917 1548 experimentum
944 1479 973 1537 et
997 1477 1055 1536 hoe
1074 1481 1203 1552 tempure

127 1580 251 1654 melent,
272 1581 408 1652 quotquot
429 1575 574 1636 Christum
594 1581 676 1638 reete
694 1581 883 1653 venerentur,
910 1582 939 1636 et
958 1577 1041 1654 olim,
1066 1583 1133 1653 post
1151 1579 1203 1636 vi.-

127 1687 185 1740 tam
212 1683 396 1755 terrestrem,
421 1677 480 1740 sint
505 1679 647 1756 laeteri),
670 1679 724 1738 seri
744 1679 775 1738 in
795 1678 916 1754 epistola
934 1677 1085 1754 posteriori
1109 1680 1141 1740 iu
1166 1693 1203 1740 eu

126 1785 238 1841 tamtum
258 1780 433 1858 elaboravit,
458 1784 491 1839 ut
511 1779 784 1840 nnmsuomeenses
811 1797 918 1842 eavere
937 1782 994 1841 sliri
1013 1782 1140 1858 iuberet,
1165 1797 1204 1841 ue

127 1884 273 1944 ourioslus
297 1883 328 1943 in
351 1882 427 1940 diem
454 1881 565 1942 reulms
591 1881 698 1942 Christi
722 1881 913 1960 inquirerent,
938 1898 994 1942 neu
1021 1878 1203 1964 παρουσίαν

128 1988 273 2062 promisse
291 1988 354 2043 tour
373 1986 498 2062 amare,
519 1983 684 2059 prinsquam
704 1985 901 2046 Antichristus
922 1986 1111 2062 apparuisset,
1130 2001 1203 2060 per-

127 2103 228 2164 peram
248 2087 409 2146 orerleremt.
450 2085 490 2164 t)
510 2085 606 2158 ipsium
624 2087 698 2144 Jesu
719 2085 826 2146 christi
844 2101 993 2146 sermones
1019 2089 1132 2150 Mattio.
1146 2088 1203 2171 16,

130 2193 183 2248 27.
204 2188 268 2267 24,
280 2191 334 2246 lio.
347 2190 402 2268 26,
414 2187 468 2248 31.
480 2189 537 2266 26,
549 2187 609 2246 64.
640 2187 740 2248 Mure.
763 2190 817 2266 13,
831 2191 884 2248 2⁶.
899 2189 1024 2266 14,st
1050 2191 1128 2250 Iaso.
1145 2190 1203 2270 21,

130 2293 184 2351 27.
204 2289 277 2350 satis
302 2291 455 2363 perspicue
482 2289 655 2364 dneueraut,
681 2303 746 2348 eum
773 2289 924 2364 aliqnando
950 2291 1070 2350 anelitus
1094 2294 1204 2350 rentu-

129 2407 195 2450 rum
222 2407 304 2468 esse,
329 2390 372 2449 ita
397 2395 430 2450 ut
454 2383 586 2450 omnibus
611 2396 756 2464 appareat.
805 2393 865 2450 vt.
892 2407 966 2466 quae
996 2393 1034 2451 ‹le
1058 2389 1106 2452 liis
1132 2391 1206 2452 loeis

131 2493 256 2552 disserui
275 2493 307 2552 iu
328 2497 478 2552 comment.
500 2494 766 2569 sangenon-dogm.
787 2493 817 2551 lu
838 2508 890 2552 eos
908 2493 982 2552 lesu
999 2494 1069 2553 Chr.
1089 2509 1205 2552 semo-

132 2611 196 2670 nes,
216 2595 265 2668 qui
285 2596 322 2654 de
342 2595 436 2654 reditu
457 2595 520 2653 elus
539 2597 579 2654 ad
596 2593 732 2654 inditium
752 2597 849 2656 futuro
870 2599 899 2654 at
917 2595 1062 2655 iurlinandl
1081 2598 1205 2669 provisa

134 2697 182 2754 eia
200 2695 258 2770 ipsi
277 2697 447 2755 demandata
475 2699 582 2773 egunt,
607 2697 710 2774 Jenae,
725 2696 817 2755 1820.
860 2696 942 2766 Quae
968 2698 1025 2756 hau
1045 2697 1083 2757 (le
1101 2713 1136 2757 re
1154 2699 1205 2772 ip-

131 2799 194 2858 slus
214 2799 324 2857 Christi
343 2799 432 2856 fuerit
458 2800 625 2875 persuasio,
645 2798 814 2857 dissentiunt
832 2798 947 2874 quidem
967 2798 1119 2876 theologi,
1139 2800 1206 2857 exl-

130 2899 312 2959 stimaotlius
332 2901 437 2974 quippe
456 2900 535 2958 haud
555 2901 666 2976 paneis,
682 2917 849 2960 sneeessum
867 2901 1100 2978 prosperrimum,
1119 2917 1205 2975 quem

130 3001 264 3060 noemma
284 3006 314 3060 et
333 3001 459 3060 eeclesia
479 3002 586 3061 christi
606 3003 636 3060 in
656 3002 703 3061 iris
722 3004 808 3062 terris
827 3001 959 3062 habitura
978 3007 1065 3080 osset,
1086 3005 1205 3077 eiusque

131 3101 283 3161 victoriam
302 3103 417 3162 mudum
437 3105 475 3162 rle
492 3103 671 3164 adversariis
691 3106 820 3164 omuibus
831 3105 1041 3182 reportandam,
1059 3105 1204 3164 minum-

130 3217 189 3281 que
208 3208 355 3263 aeternam
374 3206 405 3263 in
424 3219 516 3282 regno
536 3206 635 3266 divino
655 3207 780 3264 loturam
800 3220 819 3263 a
840 3208 1011 3284 servatore,
1029 3211 1145 3281 propter
1158 3207 1203 3266 il-

130 3307 190 3364 lius
209 3307 321 3364 saeonli
341 3307 478 3384 inrlolem,
505 3307 644 3367 eiusmodi
664 3305 802 3380 symbolis
828 3307 1000 3366 enuntiatam
1020 3323 1102 3386 esse,
1130 3323 1206 3384 quau

129 3407 256 3466 realitum
275 3409 418 3483 quendam
436 3409 566 3468 Messias
584 3411 741 3490 αίαὸίιαα,
767 3409 915 3468 maiestate
934 3407 1077 3486 insignem
1098 3411 1205 3484 ‹lepin-

130 3515 245 3585 gerent.
293 3510 356 3568 Gir.
381 3509 507 3569 listeri
535 3513 762 3587 ilritwielrehenp
789 3513 842 3572 deu
868 3513 1080 3571 Pontintseleen
1100 3514 1205 3573 lietar-

134 3610 274 3688 lieyrtffes
293 3613 339 3670 erl.
356 3612 410 3670 ill.
438 3611 559 3686 pres.
601 3614 849 3689 Baumgarten
862 3645 882 3666 -
895 3613 1047 3674 orosius
1074 3615 1204 3674 muod-

132 3718 212 3788 stipe
231 3715 289 3771 der
309 3715 466 3773 mesenen
490 3716 646 3790 Theulnpie
663 3733 695 3791 p.
710 3715 795 3775 441.
816 3729 878 3792 sqq.
919 3715 1011 3784 Quam
1031 3719 1204 3774 sennever-

131 3814 221 3887 siam,
244 3829 302 3874 suo
327 3816 393 3873 loen
417 3817 570 3890 separatim
589 3817 639 3874 vel
657 3817 689 3875 in
709 3817 888 3890 esplluaurlis
912 3817 1073 3894 evangeliis
1105 3817 1154 3876 vel
1173 3817 1205 3876 in

133 3913 296 3991 ll'heologia
328 3915 431 3975 biblium
456 3917 653 3995 uastandam,
679 3919 708 3977 in.
735 3920 755 3978 l.
788 3918 922 3980 dirimere
953 3921 1093 3979 uolumus.
1141 3919 1205 3978 Seri

134 4015 223 4075 iidem
251 4015 395 4093 'l'lieologl
420 4023 499 4078 reete
523 4021 699 4097 wunedunt,
724 4023 923 4098 Servatorem,
950 4021 1004 4080 etsi
1029 4021 1087 4079 lma
1113 4020 1145 4080 in
1170 4035 1205 4081 re

133 4118 396 4179 aeeommudatioue
415 4137 485 4179 usus
504 4122 608 4196 fuerit,
627 4137 683 4182 neo
702 4123 888 4200 dubitauerit,
909 4123 1088 4184 chumiauos
1107 4123 1206 4183 serin-

133 4221 177 4280 ris
195 4221 265 4282 aevi
283 4222 391 4282 mosim
411 4223 588 4301 sensimque,
607 4239 683 4302 quae
701 4227 840 4308 quintii
860 4226 1010 4291 minuente
1029 4229 1135 4304 essem,
1153 4226 1204 4285 lu-
