2734 4820
310 385 366 456 De
387 409 490 456 seusu
510 384 664 458 vaticinii
691 385 736 458 0..
752 385 798 458 lt.
828 386 871 458 V.
896 389 1041 458 1-12.
1136 387 1217 460 ele

142 561 225 640 Quen
243 559 364 636 imperio
384 561 552 622 acciderunt
570 561 710 638 nomano,
730 576 796 622 enm
815 563 967 634 tyrannide
984 565 1084 636 Papall
1104 563 1219 624 mirdme

143 665 285 724 eiusmodi
311 679 388 750 nexu
416 663 620 739 conserebant,
648 665 759 736 qualem
786 666 890 737 Apost
912 667 1040 724 torturum
1061 667 1146 726 docet
1165 681 1217 724 re·
1273 679 1277 692 ·

142 768 298 828 motionem
319 751 376 826 τοῦ
403 759 594 842 mignonus
613 765 688 824 intel·
715 771 744 826 et
772 759 808 826 τὸ
838 760 1133 838 ἀποκαλύπτεσθαι
1160 759 1217 827 τὸν

142 862 326 946 ἄνθρωπον
338 857 579 946 circinantur,
624 868 716 933 Quum
736 867 836 939 plures
856 869 999 926 eeclesieo
1020 873 1136 928 nostroe
1156 869 1215 926 dn·

142 975 239 1030 ctores
259 969 425 1029 vaticinium
445 968 595 1030 Paulinum
622 968 659 1027 de
685 969 811 1029 ecclesia
831 967 973 1028 catholica
999 974 1027 1030 et
1048 971 1217 1028 Pontificatu

143 1073 228 1132 lium.
260 1069 438 1144 interpretati
468 1069 606 1148 cissent,
637 1071 724 1128 tuelle
750 1073 845 1147 patet,
871 1069 949 1130 undo
974 1074 1081 1130 tactum
1107 1073 1159 1147 sit,
1185 1075 1217 1128 ut

141 1170 357 1230 Pontificiorum
375 1170 454 1230 hnud
473 1171 574 1248 pauci,
600 1172 752 1245 opprobrio
772 1173 977 1248 retorquendo,
1004 1176 1172 1234 mutierem
1191 1189 1216 1230 s.

142 1270 259 1330 omnino
292 1275 498 1332 nuntiatores
530 1288 688 1334 conrnune
721 1279 873 1348 ieiunoque
900 1277 1056 1336 mendeno
1081 1281 1217 1334 nostram

142 1373 290 1456 hominem
308 1372 447 1432 haberent
465 1373 588 1447 peccati.
629 1375 696 1438 Neo
718 1376 886 1449 demetunt,
913 1376 962 1448 qui
989 1377 1037 1434 vel
1063 1377 1214 1434 liteinin-

138 1478 260 1536 ncedecn
279 1475 444 1534 enumerari
465 1475 656 1552 conticerent,
682 1489 785 1550 parum
810 1477 1034 1552 perpendentes,
1057 1477 1138 1534 illum
1158 1493 1214 1534 ne-

142 1593 200 1652 nne
226 1577 426 1636 auctormnen
455 1577 621 1634 adfectasse
654 1577 769 1636 divinne
794 1591 910 1654 parem,
936 1579 1023 1636 immo
1049 1579 1215 1652 prophetem

138 1683 253 1739 tanturn
279 1678 465 1753 legatumque
495 1678 551 1740 liei
581 1677 684 1738 haberi
709 1678 853 1753 voluisse,
883 1695 939 1736 nco
966 1683 1133 1752 potestatem
1161 1679 1215 1738 nihl

141 1781 310 1838 mndicneae
326 1779 474 1844 ,miracula
500 1780 605 1840 edendi
633 1779 706 1855 (etsi
732 1775 854 1852 posthae
880 1779 1093 1840 Muhammedis
1119 1781 1213 1838 miro-

141 1882 211 1939 cnla
235 1882 324 1942 multa
349 1898 370 1938 a
400 1882 589 1941 seetntorilrns
620 1881 891 1959 praedicerentur),
921 1883 970 1940 vel
997 1883 1215 1955 descriptionem

141 1983 293 2044 Paulinam
318 1983 461 2044 ditm
486 1985 646 2042 recentiori
670 1985 798 2044 entatu
822 1979 1089 2058 dicncoyntiomnr
1114 2001 1214 2057 parum

143 2085 234 2146 raone
254 2089 284 2144 et
302 2083 456 2158 perspicue
481 2085 745 2161 accommodarent,
768 2085 832 2144 sire
852 2085 889 2142 dc
908 2085 957 2142 ille
977 2086 1139 2162 cogitarent
1157 2101 1214 2143 ne-

141 2188 232 2246 fanda
265 2190 295 2246 et
325 2187 429 2246 insena
458 2199 608 2246 sacrorum
641 2185 867 2245 christianornm
897 2187 1099 2264 abrogatione,
1129 2203 1214 2260 quara

142 2287 314 2348 tanatisnrna
335 2287 436 2346 civilis
450 2287 481 2346 in
499 2285 703 2362 Francogollia
722 2288 896 2362 aliquamdiu
915 2288 1093 2364 tentavisset,
1112 2291 1212 2346 scele-

145 2390 283 2462 ribueque
302 2387 398 2450 multis
419 2393 546 2462 tempore
564 2388 615 2447 illo
635 2389 874 2448 turbulentissimo
893 2389 1074 2465 perpetrans,
1092 2390 1157 2448 sire
1177 2392 1215 2448 de

145 2489 312 2550 dominandi
330 2491 464 2563 cupidine
484 2491 620 2550 effrenata
638 2490 823 2564 Nepoleouls.
863 2492 922 2552 llo
950 2494 1086 2550 orontius
1114 2496 1215 2552 littere

145 2590 184 2654 B.
206 2609 238 2652 a.
260 2595 497 2672 nonopretremio,
517 2599 749 2672 praeterquam,
770 2593 851 2668 qnod
870 2593 1058 2652 coniecturae
1078 2596 1214 2669 cimir-

144 2710 215 2764 rrnu
236 2693 463 2768 Wfoentwtidnc
482 2697 568 2754 lond
586 2697 734 2754 mundis
753 2698 975 2774 inpediuntur,
1000 2697 1139 2754 onlnem
1159 2710 1214 2754 re-

143 2802 263 2872 nnuunt
282 2812 325 2854 en
344 2799 401 2878 iia,
427 2809 505 2870 quoe
525 2811 621 2870 supro
640 2799 770 2870 scriptae
795 2805 885 2875 nnn,
913 2800 971 2858 toci
991 2799 1114 2856 Paulini
1133 2803 1214 2856 recte

146 2900 367 2972 demetendi
385 2899 496 2972 kpidna
513 2899 658 2977 secundo,
679 2902 781 2977 tertio,
802 2905 920 2975 onorio.
964 2899 1125 2958 Secundnn
1147 2897 1214 2970 qrri-

148 3001 215 3058 dem
236 2999 323 3056 icelle
344 3002 423 3072 patet
441 2999 478 3056 iis
498 2999 628 3060 omuibus
648 3000 814 3075 adversari,
841 3001 890 3073 qul
916 3001 1047 3076 cogitare
1073 2999 1216 3058 noluerint

146 3103 187 3160 dc
213 3099 361 3159 individuo
389 3099 564 3178 (persone),
590 3103 644 3162 sed
668 3103 706 3160 de
731 3101 852 3174 imperio
882 3103 1005 3174 quodem
1034 3101 1214 3158 saeculorum

144 3204 308 3279 multorum,
328 3203 365 3260 de
384 3203 521 3262 societate
542 3219 649 3278 mugra
664 3199 899 3278 Christianorum,
919 3202 956 3259 de
977 3203 1089 3276 populo.
1132 3202 1215 3268 Quod

145 3305 259 3364 tertiam
289 3309 319 3364 et
344 3307 473 3378 quomam
504 3305 619 3379 attinet,
651 3319 744 3391 neque
770 3304 957 3363 noanneane
985 3304 1125 3381 Romani,
1158 3317 1214 3360 nee

144 3405 451 3492 liubernmedanismi,
478 3421 535 3465 nee
563 3407 684 3464 eliorum
711 3411 864 3466 eventuum
889 3405 955 3464 nevi
975 3405 1143 3462 recentioris
1163 3403 1214 3460 hl-

143 3507 253 3568 scorteo
272 3509 422 3584 convenit,
447 3510 524 3582 quod
542 3509 593 3566 ille
613 3501 788 3586 ἅνθρωπος
809 3499 970 3585 ἁμαρτίας
998 3508 1074 3578 opud
1094 3507 1214 3567 Paulum

145 3612 280 3683 mononem
301 3609 426 3668 eximens
446 3627 521 3668 aevo
541 3611 697 3683 apostolico
716 3611 771 3668 sed
789 3609 885 3668 ndhnn
905 3609 936 3666 in
956 3608 1067 3666 occulto
1092 3622 1214 3680 operans

146 3711 318 3769 describitur
339 3711 434 3787 (unde
453 3729 482 3769 v.
504 3727 531 3770 c.
557 3726 640 3770 nemo
659 3712 771 3770 illorum
795 3711 981 3782 interpretum
1009 3711 1131 3783 probare
1156 3724 1213 3782 po-

145 3813 200 3871 tuit
225 3813 285 3870 ulla
309 3827 343 3872 re
369 3815 505 3888 gestele
535 3814 724 3873 monumentis
749 3811 886 3872 historice
912 3813 1038 3888 prodita,
1064 3811 1216 3884 episcopos

147 3913 294 3972 Romanos
312 3918 372 3974 tum
391 3915 537 3992 temporis,
557 3931 642 3990 quum
660 3915 766 3972 Pardus
786 3912 840 3972 hae
857 3894 968 3974 litteras
988 3914 1138 3987 scriberet,
1157 3913 1215 3972 inm

146 4017 311 4078 arretino
342 4031 480 4074 summanr
514 4033 609 4076 rerum
642 4016 905 4076 ecclesiasticorum
938 4017 1146 4092 potestatem),
1179 4017 1217 4089 et,

148 4117 226 4192 quod
245 4117 322 4190 apud
342 4118 464 4174 eundem
483 4119 587 4190 Apost.
613 4119 664 4177 illa
691 4118 783 4194 (qnae
809 4119 933 4177 noudum
960 4117 1074 4193 evenit]
1102 4117 1216 4175 llomini

147 4215 310 4300 παρουσία
330 4219 585 4280 manifestationem
604 4219 729 4280 hominis
748 4221 861 4294 peceati
879 4219 1008 4294 proxime
1023 4219 1128 4278 dicitur
1143 4219 1216 4278 srm-
