2740 4828
176 387 225 458 ΙΙ
413 353 424 390 ἶ
545 385 853 474 Prolegemeua.

170 557 300 626 Paulus
327 558 402 646 ipse
417 577 485 645 ep.
507 558 543 627 Ι.
574 557 743 628 Thesea
777 557 820 625 da
852 553 1020 649 παρουσίᾳ
1047 551 1244 626 seruatoris

171 663 322 747 dixerat,
343 659 488 727 reditum
508 658 638 726 chriae
665 672 863 750 tum-propo
883 663 1034 746 me,
1063 668 1102 725 ut
1122 660 1244 749 queuis

171 785 306 848 mense,
338 762 440 827 imme
474 760 545 847 die,
579 759 816 849 probabilitate
848 781 980 828 summu
1012 769 1243 855 empeetetur.

172 863 270 931 Unde
289 863 436 947 suetum,
465 868 504 930 ut
519 861 579 929 ‘vol
600 862 721 929 timere
742 871 899 951 metuque
919 869 1084 950 perpetue
1110 870 1243 949 pertur-

171 966 350 1050 barentur,
384 962 508 1048 insigni
537 961 596 1029 illa
621 985 734 1031 rerum
763 965 982 1032 humanarum
1015 964 1244 1033 terrestrium·

169 1089 237 1158 que
264 1065 468 1149 mutatione,
496 1064 630 1152 qualem
657 1065 767 1132 oratio
787 1066 925 1133 Christi.
939 1060 1243 1153 prephetieo-ped-

170 1171 242 1238 tina
262 1167 389 1238 Most.
410 1163 486 1251 24,
509 1161 573 1233 29.
601 1189 673 1256 sqq.
710 1166 861 1258 leniaque
893 1165 1014 1255 purell.
1048 1166 1243 1254 descripsit,

171 1269 322 1362 quotidie
343 1268 593 1355 exspectanda,
620 1268 676 1337 uel
702 1269 857 1356 eupidius
884 1268 973 1336 buno
999 1267 1090 1337 diem
1111 1269 1244 1336 deside·

171 1379 307 1458 renent,
341 1391 458 1438 morae
479 1368 712 1456 impatientes,
746 1370 919 1460 ipsamque
947 1368 1048 1436 buius
1074 1370 1244 1457 premissi,

169 1476 393 1543 servatorem
427 1471 607 1560 aliquando
642 1471 827 1539 rediturum
863 1493 959 1557 esse,
993 1470 1172 1538 veritatem
1207 1471 1244 1538 iu

173 1575 310 1644 dubium
343 1591 469 1642 venare
497 1573 698 1660 inciperent,
731 1595 831 1662 quum
859 1572 1099 1660 nequeenim-de
1126 1573 1181 1642 die
1209 1571 1244 1640 iri

172 1679 265 1746 diem
292 1675 503 1761 differretur,
531 1673 586 1743 vel
619 1675 758 1760 negotia
785 1695 848 1740 sua
876 1673 981 1739 missa
1007 1674 1180 1760 fenerent,
1209 1681 1245 1740 et

174 1780 267 1848 sitne
289 1775 503 1862 indulgerent
523 1776 673 1862 otiosae,
695 1775 852 1865 quetidie,
865 1775 1100 1844 existimantes
1119 1776 1244 1844 Serra:

174 1891 283 1949 terem
326 1877 579 1966 appariturum,
616 1876 782 1965 liuemque
821 1899 934 1944 rerum
975 1878 1075 1946 buius
1114 1876 1249 1960 seeeuli,

174 1981 340 2051 omnium..
386 1978 534 2045 Proinde
568 1973 719 2064 Paulus,
753 1980 872 2045 eedem
906 1980 1049 2047 doeeudi
1077 1980 1246 2068 sapientie

174 2106 277 2170 usus,
298 2103 366 2171 que
385 2079 478 2168 prior
499 2077 643 2168 epistula
665 2088 806 2147 exarata
825 2081 956 2168 fueret,
984 2081 1106 2148 iterum
1126 2081 1245 2148 lauda·

175 2186 300 2253 tionem
329 2180 502 2267 coniungit
530 2180 730 2248 institutioni
758 2189 793 2249 et
821 2183 1057 2251 exhortationi.
1100 2183 1154 2250 Ae
1176 2183 1244 2270 pri-

174 2311 264 2355 mum
294 2285 425 2373 quidem
449 2282 594 2350 animum
615 2283 792 2371 profitetur
812 2284 886 2351 Deo
913 2285 1044 2371 gratias
1072 2292 1244 2374 agentem,

174 2388 264 2478 qdod
291 2383 618 2460 'l'bessalonieeuses
651 2383 825 2472 hueusque
859 2395 996 2456 strenue
1028 2385 1245 2472 obtinuerint,

173 2489 265 2560 nullo
291 2487 506 2556 vexationum
535 2484 661 2572 impetu
689 2484 809 2571 fracti,
845 2488 1099 2574 persuasionem
1124 2507 1242 2555 veram

173 2588 504 2660 amereGbriatiano
527 2585 760 2674 conspicuum,
787 2608 854 2675 quu
875 2589 967 2674 digai
987 2592 1174 2657 reddantur
1194 2589 1243 2656 fe·

173 2693 306 2762 licitate
327 2711 459 2770 summa
478 2687 514 2754 iu
534 2709 641 2773 regnu
663 2687 776 2755 divine
796 2688 840 2755 iis
861 2699 991 2777 parete.
1036 2693 1143 2766 Quam
1166 2713 1244 2758 sen·

174 2793 316 2864 tertiam
337 2792 386 2860 ita
406 2797 545 2874 tractat,
565 2797 603 2856 ut
624 2788 724 2857 simul
744 2791 936 2859 consoletur
956 2791 1245 2860 Thessalonieeu·

164 2915 241 2964 ¹ses.
254 2894 409 2964 addictos
431 2894 720 2960 commemorando
741 2891 809 2961 Dei
836 2902 872 2961 et
892 2894 1019 2962 Obristi
1047 2893 1171 2962 iudiein
1193 2893 1244 2960 in-

175 2999 324 3068 stiasimo
358 2995 435 3062 olim
464 2993 678 3083 apperitus-o,
711 3016 897 3083 preeesque
931 2995 1006 3082 pias
1037 3017 1100 3082 pro
1132 2994 1244 3064 salute

176 3119 292 3168 eornm
315 3104 489 3164 aeternum
511 3095 626 3164 lutura
646 3099 817 3164 adnectat.
833 3095 913 3163 til.
958 3096 1101 3162 Transit
1122 3095 1243 3162 deinde

175 3205 220 3270 ad
241 3199 476 3284 corrigendum
498 3187 613 3265 eorum
635 3198 899 3285 persuasionem,
921 3196 977 3287 qui
999 3196 1243 3285 exspectationi

175 3301 376 3372 indulserint
407 3299 608 3368 arbitrariae
648 3299 776 3366 reditus
805 3298 894 3366 Jesu
927 3299 1054 3366 Christi
1080 3302 1244 3388 prom

175 3403 352 3489 instantis,
374 3404 556 3491 ducetque,
584 3401 803 3470 Servetorem
824 3421 890 3466 neu
911 3399 1006 3487 prins
1027 3419 1105 3468 esse
1126 3405 1243 3468 ventu·

174 3528 267 3590 m,
295 3525 394 3593 quam
418 3502 564 3572 defectio
586 3523 709 3588 magua
729 3523 753 3568 a
772 3501 938 3588 religione
958 3523 1043 3571 reru
1063 3502 1244 3586 exstiterit,

175 3605 404 3696 prodieritque
431 3603 707 3674 Anti-christus.
751 3601 789 3670 G.
811 3602 863 3690 ll,
889 3625 923 3671 v.
949 3601 1092 3670 1-12.
1141 3603 1245 3670 Redit

176 3709 222 3776 ad
242 3707 372 3793 gratias
392 3704 467 3772 Deo
496 3714 593 3773 aetas
620 3727 682 3791 pre
704 3704 907 3772 Christiania
928 3703 1244 3771 Thessalonicensi-

175 3810 259 3893 bus,
288 3813 323 3874 at
348 3806 428 3878 r'eta
452 3805 510 3893 pia
536 3828 569 3874 v.
595 3804 767 3874 ΙΙΙ-17.
796 3805 834 3874 Ο.
857 3803 921 3886 ΙΙΙ,
948 3827 981 3874 v.
1007 3804 1123 3872 1--n.
1173 3806 1244 3874 Ad·

177 3914 301 3981 duntur
328 3908 471 3997 denique
499 3931 532 3976 v.
555 3904 592 3974 6.
620 3928 726 3994 usque
754 3909 797 3974 ad
818 3907 917 3976 finem
945 3915 1131 3995 praecepta
1156 3907 1245 3976 salu-

176 4010 341 4096 berrime,
363 4009 405 4075 iis
426 4009 570 4076 rnexime
590 4007 813 4094 iniungenda,
840 4008 896 4097 qui
923 4009 1144 4096 procliviores
1173 4008 1246 4076 fue·
1273 4051 1276 4056 -

155 4115 247 4182 ·rint
273 4115 318 4180 ad
344 4109 449 4180 viram
477 4109 673 4182 dissolutum
696 4118 731 4177 et
752 4111 905 4177 otiosam.
956 4110 1120 4178 eornm
1144 4112 1246 4178 etium

178 4216 265 4286 bano
297 4211 474 4302 epistolam
505 4213 583 4285 ess‘e
618 4211 871 4300 eousignetem,
902 4211 981 4286 iude
1014 4219 1126 4300 patet,
1158 4214 1246 4302 qued
