2740 4828
177 359 203 429 8
307 443 312 446 κ
472 349 476 363 ”
550 355 865 447 Prolegomena.
939 334 947 354 ’

180 529 325 618 morcio,
352 537 391 599 ut
411 529 614 598 domicilium
641 529 675 596 in
697 529 763 598 hac
783 528 868 598 urhe
893 529 1053 618 figerent,
1080 529 1244 602 invitatis.

178 631 233 699 Ex
260 632 507 700 commentariis
535 629 656 700 Lucae
683 631 792 718 (Actu.
818 631 909 722 App.
941 631 1004 718 17,
1034 633 1070 699 1.
1096 631 1135 700 4.
1161 634 1246 722 17.)

179 740 297 820 petet,
334 734 488 802 Judaeos
526 754 734 819 synagogam
766 732 927 824 habuisse
961 732 1245 822 Thessalonicae,

180 857 281 922 quum
306 835 340 901 in
375 835 500 904 ceteris
528 834 749 903 Macedoniae
777 835 916 902 urbibus
945 841 1142 924 προσευχαῖς
1168 845 1244 904 tau-

180 944 250 1003 tum
276 944 468 1014 uterentur,
496 934 519 1003 i.
541 960 572 1005 e.
600 936 764 1003 aediliciis
795 935 979 1004 minoribus
1009 949 1116 1004 extro
1140 938 1244 1006 urbes
1290 997 1291 1000 ,

179 1039 266 1126 sitis,
288 1039 345 1104 ubi
366 1037 584 1106 convenirent
603 1060 722 1125 preces
743 1037 879 1124 facturi,
901 1037 1087 1126 multosque
1108 1039 1244 1127 civium,

179 1141 235 1230 qui
257 1139 336 1208 olim
357 1139 492 1207 Ethnici
513 1139 675 1226 fuissent,
699 1142 743 1211 atl
764 1163 865 1208 saera
885 1139 1064 1209 transiisse
1083 1139 1244 1228 Judaica,

177 1241 378 1329 praesertim
399 1241 563 1309 foeminas
576 1242 770 1310 nobiliores.
813 1241 913 1312 Hanc
931 1261 1138 1328 synagogam
1155 1243 1244 1310 Pau·

178 1341 233 1414 lus
266 1343 468 1432 Apostolus,
502 1345 559 1434 qui
590 1346 741 1414 seeundo
774 1344 894 1413 itinere
929 1341 1115 1432 aprostolicn
1141 1342 1245 1430 (intra

179 1467 302 1512 anuum
334 1453 411 1532 post
444 1445 483 1512 G.
512 1446 554 1513 N.
585 1443 650 1513 5⁰.
678 1455 714 1514 et
742 1443 821 1534 53.)
854 1448 897 1513 ad
931 1453 1051 1531 gentes
1085 1453 1242 1534 suscepto

178 1547 282 1634 (Arte.
307 1545 376 1634 15,
399 1544 572 1633 36-18,
594 1545 674 1636 22.)
700 1546 972 1616 Thessalonicen
998 1553 1140 1616 uenerat
1166 1570 1244 1615 cum

179 1649 253 1716 Sila
273 1647 441 1737 (Silvano)
469 1657 504 1716 et
525 1649 705 1718 Timotheo
719 1651 764 1740 1),
790 1669 1049 1738 praetoresue
1076 1647 1178 1735 adiit,
1205 1656 1245 1716 ut

179 1750 396 1838 popularibus
418 1751 490 1817 suis
511 1750 697 1818 doctrinam
720 1753 762 1819 dc
782 1751 870 1819 Jesu
883 1751 1013 1820 Messio
1034 1752 1244 1819 commenda·

179 1860 243 1920 ret.
284 1853 339 1922 Ac
360 1852 501 1941 primunr
515 1851 648 1940 quidem
661 1851 806 1922 dudonis
824 1854 915 1922 haud
935 1853 986 1922 ita
1005 1850 1130 1938 multis,
1141 1851 1243 1920 Pron·

180 1939 291 2038 elytis'
306 1954 442 2041 graecis
469 1954 569 2040 longe
601 1952 754 2044 pluribus
780 1955 922 2043 (quippe
950 1954 1006 2043 qui
1034 1953 1244 2041 opinionibus

180 2055 436 2148 praeconceptis
467 2050 676 2128 iudaeorum
716 2054 851 2126 minime
884 2055 1145 2144 impedirentur,
1175 2077 1244 2143 quo

180 2159 290 2227 minus
324 2156 508 2248 doctrinam
543 2158 586 2226 tle
615 2154 752 2224 Christo
784 2157 880 2228 cruci
913 2156 1023 2224 adfixo
1050 2155 1246 2245 preberent)

181 2259 348 2352 evangelii
369 2259 499 2344 veritas
519 2279 684 2345 persuasa
706 2267 769 2328 eat.
812 2258 852 2326 ln
871 2259 991 2349 quihus
1013 2259 1102 2326 haud
1114 2281 1246 2346 paucae

180 2363 317 2434 fuerunt
349 2360 517 2432 foeminae
550 2358 743 2430 nobiliores.
791 2360 892 2431 Acin.
906 2361 997 2452 App.
1028 2360 1090 2447 17,
1116 2359 1245 2430 1-4.

131 2513 135 2522 .
181 2465 338 2544 Deinde,
383 2484 484 2551 quum
536 2460 687 2550 plerique
733 2460 942 2532 iudaeorum
990 2456 1246 2550 (incaenium

181 2563 271 2634 Acti.
302 2561 365 2650 17,
394 2561 451 2648 5.)
484 2583 658 2631 sermones
685 2562 784 2632 Pauli
816 2573 851 2632 et
877 2564 972 2634 Silae
997 2565 1247 2652 repudiassent,

180 2662 336 2760 lithniois
361 2663 570 2754 potissimum
591 2685 732 2754 opernm
757 2665 991 2754 impenderunt
1011 2669 1054 2738 ud
1076 2666 1247 2741 Christum

248 2871 278 2934 1)
294 2872 356 2923 Non
372 2871 458 2924 silum
474 2873 597 2938 tautum,
617 2871 668 2922 sed
685 2872 768 2924 etism
785 2870 957 2929 'i'inoiirenn
972 2883 1036 2926 eun
1050 2873 1137 2933 Penio
1155 2871 1247 2924 Thes-

181 2955 469 3022 soiouioeu'reuisse,
492 2967 527 3007 ex
549 2953 632 3007 Actis
647 2954 723 3022 App.
743 2955 793 3024 15,
811 2953 861 3007 40.
887 2953 940 3022 1⁶,
960 2953 988 3010 i.
1007 2957 1036 3008 d.
1060 2956 1184 3021 eoll.1⁷‚
1204 2953 1247 3007 id.

181 3045 259 3092 recte
282 3041 443 3106 colligimus.
483 3039 552 3091 nui.
575 3053 619 3106 ep.
637 3041 677 3090 ud
698 3040 825 3106 Philipp.
841 3041 882 3109 2,
902 3038 1039 3094 ia-ae.
1067 3053 1139 3106 puae
1161 3041 1248 3092 verbs

181 3127 291 3192 ducent,
303 3125 473 3176 uiuotueom
479 3123 920 3190 Peucetiiipputegouufflctt.
930 3123 983 3194 16,
991 3123 1107 3190 Μαι.)
1115 3124 1248 3176 adiutare.

181 3210 304 3262 Assiduae
315 3209 479 3272 Apostolum
496 3211 525 3260 iu
540 3209 593 3266 boe
609 3212 709 3261 timere
718 3210 901 3262 mechanico
917 3215 1063 3262 comitatus
1080 3215 1131 3261 ast.
1158 3210 1248 3270 ostiu

181 3306 250 3346 vero
267 3295 356 3358 sites,
382 3295 428 3356 qui
444 3293 548 3344 diutius
564 3295 621 3344 ism
635 3293 735 3348 nmset
750 3295 874 3350 incorum
888 3295 1014 3358 Apostoll
1029 3295 1124 3349 sacius
1140 3294 1249 3351 (Ti-er

181 3363 274 3432 iheum
308 3381 405 3449 quippe
443 3379 599 3440 nuperrime
633 3377 740 3428 demum
779 3377 883 3428 Penius
916 3378 1090 3432 adsumeret
1122 3378 1250 3429 corniton

180 3461 259 3513 Acir.
278 3458 333 3528 16,
353 3459 476 3526 1-3.),
492 3461 566 3510 haurd
583 3459 663 3512 dubie
680 3461 727 3511 illo
748 3449 872 3526 teinpore
887 3463 989 3534 partes
1004 3462 1166 3528 pmmaricr
1180 3472 1249 3525 gea-

182 3549 253 3597 serit
278 3549 306 3594 iu
323 3545 479 3596 adiuvando
501 3546 604 3611 Panlo,
625 3545 741 3596 iudaeis
764 3545 1055 3598 thessalonicensibus
1078 3543 1251 3609 evangelium

182 3633 342 3692 nuutuutm
358 3633 455 3680 rutrum
471 3632 560 3681 videri
576 3641 632 3680 nou
647 3633 749 3695 potest,
767 3629 839 3693 quod
855 3629 948 3682 Lucus
965 3629 1042 3681 Acti.
1058 3627 1107 3693 17,
1121 3627 1150 3680 4,
1164 3625 1252 3678 usiam

183 3717 258 3769 siloe
273 3717 438 3774 mentionem
454 3714 564 3768 iecerit.
597 3713 693 3776 Neque
709 3725 754 3780 ea,
771 3725 842 3776 puae
860 3715 885 3765 i.
902 3713 942 3764 od
953 3713 1087 3763 fueruit.
1105 3713 1140 3781 8,
1156 3714 1188 3765 2.
1204 3713 1249 3764 ie-

182 3803 258 3866 gitur
281 3800 415 3852 uiuotbci
436 3797 650 3864 commendatio,
679 3799 735 3849 ulio
758 3797 839 3850 modo
860 3801 952 3866 ponit,
974 3799 1046 3850 huno
1068 3801 1173 3862 rhun,
1195 3808 1251 3860 quo

183 3890 306 3946 tempora
321 3882 426 3933 Paulus
448 3882 520 3930 hanc
537 3883 682 3944 epistotam
699 3889 839 3948 exararet,
857 3881 1146 3936 Thessalonicensibus
1161 3881 1251 3934 tuisse

183 3968 358 4031 incognitum.
381 3965 435 4016 vd.
446 3976 517 4028 quae
530 3963 801 4031 contrslloppium
816 3973 896 4018 reete
912 3969 1017 4018 monuit
1033 3967 1052 4016 J
1058 3979 1083 4017 o.
1101 3969 1249 4031 Burgar-

182 4048 298 4100 itoudt:
316 4051 453 4112 specimen
469 4047 594 4102 academ.
611 4049 646 4101 de
659 4057 756 4102 coetus
768 4051 984 4104 christianorum
995 4049 1252 4101 thessalonicensis

183 4139 248 4184 ortu
263 4135 397 4198 tamone,
422 4137 452 4185 et
466 4135 568 4196 prtorb
583 4133 663 4186 Penii
679 4137 715 4186 iis
731 4138 853 4199 scriptae
877 4137 1014 4200 epistolae
1034 4135 1148 4188 oonsilio
1169 4139 1253 4198 aiens

183 4223 363 4286 neumenia,
379 4218 467 4283 huzd.
484 4221 581 4274 natam
600 4220 677 4276 iesu.
694 4222 726 4273 Β.
738 4234 764 4286 p.
782 4219 825 4272 ts.
842 4233 884 4290 sp.
