<?xml version="1.0" encoding="UTF-8"?>
<!DOCTYPE html PUBLIC "-//W3C//DTD XHTML 1.0 Transitional//EN"
    "http://www.w3.org/TR/xhtml1/DTD/xhtml1-transitional.dtd">
<html xmlns="http://www.w3.org/1999/xhtml" xml:lang="en" lang="en">
 <head>
  <title>
</title>
<meta http-equiv="Content-Type" content="text/html;charset=utf-8" />
  <meta name='ocr-system' content='tesseract 3.04.00' />
  <meta name='ocr-capabilities' content='ocr_page ocr_carea ocr_par ocr_line ocrx_word'/>
</head>
<body>
  <div class='ocr_page' id='page_1' title='image "./epistolaepaulia01schogoog_0324.png"; bbox 0 0 2744 4824; ppageno 0'>
   <div class='ocr_carea' id='block_1_1' title="bbox 518 327 1216 416">
    <p class='ocr_par' dir='ltr' id='par_1_1' title="bbox 518 327 1216 416">
     <span class='ocr_line' id='line_1_1' title="bbox 518 327 1216 416; baseline 0.009 -21"><span class='ocrx_word' id='word_1_1' title='bbox 518 327 838 416; x_wconf 81' lang='lat' dir='ltr'><strong>Prolegomena.</strong></span> <span class='ocrx_word' id='word_1_2' title='bbox 1135 328 1216 401; x_wconf 70' lang='grc'><strong>909</strong></span> 
     </span>
    </p>
   </div>
   <div class='ocr_carea' id='block_1_2' title="bbox 67 497 1301 4054">
    <p class='ocr_par' dir='ltr' id='par_1_2' title="bbox 139 497 1301 1508">
     <span class='ocr_line' id='line_1_2' title="bbox 143 497 1217 575; baseline 0.005 -10"><span class='ocrx_word' id='word_1_3' title='bbox 143 497 325 566; x_wconf 75' lang='lat' dir='ltr'><strong>admodum</strong></span> <span class='ocrx_word' id='word_1_4' title='bbox 347 499 483 575; x_wconf 82' lang='lat' dir='ltr'><strong>conciso</strong></span> <span class='ocrx_word' id='word_1_5' title='bbox 512 498 603 567; x_wconf 90' lang='lat' dir='ltr'><strong>illius</strong></span> <span class='ocrx_word' id='word_1_6' title='bbox 624 499 756 570; x_wconf 86' lang='lat' dir='ltr'><strong>itineris</strong></span> <span class='ocrx_word' id='word_1_7' title='bbox 781 501 925 571; x_wconf 85' lang='lat' dir='ltr'><strong>secundi</strong></span> <span class='ocrx_word' id='word_1_8' title='bbox 952 523 1029 571; x_wconf 91' lang='lat' dir='ltr'><strong>cum</strong></span> <span class='ocrx_word' id='word_1_9' title='bbox 1055 501 1217 571; x_wconf 84' lang='lat' dir='ltr'><strong>Bernaba</strong></span> 
     </span>
     <span class='ocr_line' id='line_1_3' title="bbox 142 591 1217 694; baseline 0.004 -28"><span class='ocrx_word' id='word_1_10' title='bbox 142 599 218 667; x_wconf 86' lang='lat' dir='ltr'><strong>solo</strong></span> <span class='ocrx_word' id='word_1_11' title='bbox 240 591 334 668; x_wconf 79' lang='lat' dir='ltr'><strong>laeti</strong></span> <span class='ocrx_word' id='word_1_12' title='bbox 352 602 556 670; x_wconf 78' lang='lat' dir='ltr'><strong>mentionem</strong></span> <span class='ocrx_word' id='word_1_13' title='bbox 583 603 699 672; x_wconf 87' lang='lat' dir='ltr'><strong>iniecit</strong></span> <span class='ocrx_word' id='word_1_14' title='bbox 725 604 835 673; x_wconf 86' lang='lat' dir='ltr'><strong>obiter</strong></span> <span class='ocrx_word' id='word_1_15' title='bbox 864 605 951 692; x_wconf 87' lang='lat' dir='ltr'><strong>(sive</strong></span> <span class='ocrx_word' id='word_1_16' title='bbox 978 627 1044 688; x_wconf 79' lang='lat' dir='ltr'><strong>non</strong></span> <span class='ocrx_word' id='word_1_17' title='bbox 1072 603 1217 694; x_wconf 85' lang='lat' dir='ltr'><strong>emplius</strong></span> 
     </span>
     <span class='ocr_line' id='line_1_4' title="bbox 141 702 1217 793; baseline 0.005 -25"><span class='ocrx_word' id='word_1_18' title='bbox 141 702 311 770; x_wconf 89' lang='lat' dir='ltr'><strong>memoria</strong></span> <span class='ocrx_word' id='word_1_19' title='bbox 331 712 465 773; x_wconf 85' lang='lat' dir='ltr'><strong>teneret</strong></span> <span class='ocrx_word' id='word_1_20' title='bbox 486 725 609 774; x_wconf 87' lang='lat' dir='ltr'><strong>anuum</strong></span> <span class='ocrx_word' id='word_1_21' title='bbox 635 705 766 774; x_wconf 88' lang='lat' dir='ltr'><strong>itineris</strong></span> <span class='ocrx_word' id='word_1_22' title='bbox 795 707 952 793; x_wconf 90' lang='lat' dir='ltr'><strong>secundi,</strong></span> <span class='ocrx_word' id='word_1_23' title='bbox 981 705 1054 776; x_wconf 88' lang='lat' dir='ltr'><strong>sive</strong></span> <span class='ocrx_word' id='word_1_24' title='bbox 1075 729 1217 775; x_wconf 87' lang='lat' dir='ltr'><strong>accura-</strong></span> 
     </span>
     <span class='ocr_line' id='line_1_5' title="bbox 141 804 1217 897; baseline 0.002 -26"><span class='ocrx_word' id='word_1_25' title='bbox 141 804 266 872; x_wconf 90' lang='lat' dir='ltr'><strong>tiorem</strong></span> <span class='ocrx_word' id='word_1_26' title='bbox 293 807 455 894; x_wconf 88' lang='lat' dir='ltr'><strong>temporis</strong></span> <span class='ocrx_word' id='word_1_27' title='bbox 484 807 762 894; x_wconf 78' lang='lat' dir='ltr'><strong>significationem</strong></span> <span class='ocrx_word' id='word_1_28' title='bbox 795 809 829 876; x_wconf 83' lang='lat' dir='ltr'><strong>h.</strong></span> <span class='ocrx_word' id='word_1_29' title='bbox 855 807 879 876; x_wconf 91' lang='lat' dir='ltr'><strong>l.</strong></span> <span class='ocrx_word' id='word_1_30' title='bbox 906 831 1024 897; x_wconf 89' lang='lat' dir='ltr'><strong>parum</strong></span> <span class='ocrx_word' id='word_1_31' title='bbox 1058 830 1217 877; x_wconf 85' lang='lat' dir='ltr'><strong>necessa-</strong></span> 
     </span>
     <span class='ocr_line' id='line_1_6' title="bbox 140 905 1217 1000; baseline 0.004 -30"><span class='ocrx_word' id='word_1_32' title='bbox 140 905 231 973; x_wconf 85' lang='lat' dir='ltr'><strong>riam</strong></span> <span class='ocrx_word' id='word_1_33' title='bbox 266 907 433 976; x_wconf 88' lang='lat' dir='ltr'><strong>iudicaret</strong></span> <span class='ocrx_word' id='word_1_34' title='bbox 467 919 692 1000; x_wconf 83' lang='lat' dir='ltr'><strong>poneretque,</strong></span> <span class='ocrx_word' id='word_1_35' title='bbox 728 911 903 999; x_wconf 90' lang='lat' dir='ltr'><strong>utriusque</strong></span> <span class='ocrx_word' id='word_1_36' title='bbox 931 910 1063 977; x_wconf 87' lang='lat' dir='ltr'><strong>itineris</strong></span> <span class='ocrx_word' id='word_1_37' title='bbox 1097 908 1217 975; x_wconf 85' lang='lat' dir='ltr'><strong>discri-</strong></span> 
     </span>
     <span class='ocr_line' id='line_1_7' title="bbox 140 1007 1216 1100; baseline 0.002 -26"><span class='ocrx_word' id='word_1_38' title='bbox 140 1031 223 1076; x_wconf 86' lang='lat' dir='ltr'><strong>men</strong></span> <span class='ocrx_word' id='word_1_39' title='bbox 245 1007 379 1080; x_wconf 76' lang='lat' dir='ltr'><strong>aliunde</strong></span> <span class='ocrx_word' id='word_1_40' title='bbox 401 1011 469 1077; x_wconf 89' lang='lat' dir='ltr'><strong>iam</strong></span> <span class='ocrx_word' id='word_1_41' title='bbox 489 1012 676 1080; x_wconf 80' lang='lat' dir='ltr'><strong>innotuisse</strong></span> <span class='ocrx_word' id='word_1_42' title='bbox 695 1011 880 1081; x_wconf 88' lang='lat' dir='ltr'><strong>lectoribus</strong></span> <span class='ocrx_word' id='word_1_43' title='bbox 901 1012 998 1100; x_wconf 82' lang='lat' dir='ltr'><strong>suis),</strong></span> <span class='ocrx_word' id='word_1_44' title='bbox 1019 1018 1216 1100; x_wconf 86' lang='lat' dir='ltr'><strong>properato·</strong></span> 
     </span>
     <span class='ocr_line' id='line_1_8' title="bbox 139 1111 1216 1203; baseline -0.003 -25"><span class='ocrx_word' id='word_1_45' title='bbox 139 1133 221 1199; x_wconf 83' lang='lat' dir='ltr'><strong>rur,</strong></span> <span class='ocrx_word' id='word_1_46' title='bbox 249 1118 289 1179; x_wconf 88' lang='lat' dir='ltr'><strong>ut</strong></span> <span class='ocrx_word' id='word_1_47' title='bbox 315 1113 604 1203; x_wconf 86' lang='lat' dir='ltr'><strong>supradiximus,</strong></span> <span class='ocrx_word' id='word_1_48' title='bbox 633 1116 676 1182; x_wconf 94' lang='lat' dir='ltr'><strong>ad</strong></span> <span class='ocrx_word' id='word_1_49' title='bbox 704 1137 748 1182; x_wconf 86' lang='lat' dir='ltr'><strong>oa</strong></span> <span class='ocrx_word' id='word_1_50' title='bbox 781 1136 868 1202; x_wconf 88' lang='lat' dir='ltr'><strong>quae</strong></span> <span class='ocrx_word' id='word_1_51' title='bbox 896 1117 938 1182; x_wconf 90' lang='lat' dir='ltr'><strong>de</strong></span> <span class='ocrx_word' id='word_1_52' title='bbox 966 1114 1087 1181; x_wconf 89' lang='lat' dir='ltr'><strong>itinere</strong></span> <span class='ocrx_word' id='word_1_53' title='bbox 1114 1111 1216 1182; x_wconf 88' lang='lat' dir='ltr'><strong>tertio</strong></span> 
     </span>
     <span class='ocr_line' id='line_1_9' title="bbox 140 1214 1301 1304; baseline -0.001 -24"><span class='ocrx_word' id='word_1_54' title='bbox 140 1221 261 1281; x_wconf 88' lang='lat' dir='ltr'><strong>essent</strong></span> <span class='ocrx_word' id='word_1_55' title='bbox 283 1214 437 1282; x_wconf 84' lang='lat' dir='ltr'><strong>dicenda.</strong></span> <span class='ocrx_word' id='word_1_56' title='bbox 479 1215 613 1302; x_wconf 79' lang='lat' dir='ltr'><strong>Restat,</strong></span> <span class='ocrx_word' id='word_1_57' title='bbox 635 1223 674 1283; x_wconf 88' lang='lat' dir='ltr'><strong>ut</strong></span> <span class='ocrx_word' id='word_1_58' title='bbox 694 1215 813 1303; x_wconf 83' lang='lat' dir='ltr'><strong>paucis</strong></span> <span class='ocrx_word' id='word_1_59' title='bbox 832 1217 1096 1304; x_wconf 78' lang='lat' dir='ltr'><strong>respondeamus</strong></span> <span class='ocrx_word' id='word_1_60' title='bbox 1115 1233 1216 1303; x_wconf 85' lang='lat' dir='ltr'><strong>quae·</strong></span> <span class='ocrx_word' id='word_1_61' title='bbox 1299 1287 1301 1296; x_wconf 43' lang='grc'>,</span> 
     </span>
     <span class='ocr_line' id='line_1_10' title="bbox 142 1315 1217 1405; baseline -0.001 -23"><span class='ocrx_word' id='word_1_62' title='bbox 142 1315 248 1382; x_wconf 87' lang='lat' dir='ltr'><strong>stioni</strong></span> <span class='ocrx_word' id='word_1_63' title='bbox 280 1315 386 1385; x_wconf 87' lang='lat' dir='ltr'><strong>variis</strong></span> <span class='ocrx_word' id='word_1_64' title='bbox 420 1315 676 1384; x_wconf 87' lang='lat' dir='ltr'><strong>difficultatibus</strong></span> <span class='ocrx_word' id='word_1_65' title='bbox 704 1317 886 1405; x_wconf 80' lang='lat' dir='ltr'><strong>implicitae</strong></span> <span class='ocrx_word' id='word_1_66' title='bbox 919 1339 961 1384; x_wconf 87' lang='lat' dir='ltr'><strong>cc</strong></span> <span class='ocrx_word' id='word_1_67' title='bbox 991 1316 1217 1388; x_wconf 87' lang='lat' dir='ltr'><strong>diversimode</strong></span> 
     </span>
     <span class='ocr_line' id='line_1_11' title="bbox 141 1416 1216 1508; baseline -0.002 -22"><span class='ocrx_word' id='word_1_68' title='bbox 141 1418 338 1507; x_wconf 87' lang='lat' dir='ltr'><strong>disputatae</strong></span> <span class='ocrx_word' id='word_1_69' title='bbox 361 1420 403 1486; x_wconf 91' lang='lat' dir='ltr'><strong>de</strong></span> <span class='ocrx_word' id='word_1_70' title='bbox 423 1417 491 1486; x_wconf 80' lang='lat' dir='ltr'><strong>illis</strong></span> <span class='ocrx_word' id='word_1_71' title='bbox 512 1419 768 1508; x_wconf 62' lang='lat' dir='ltr'><strong>memorasses</strong></span> <span class='ocrx_word' id='word_1_72' title='bbox 789 1421 892 1486; x_wconf 68' lang='lat' dir='ltr'><strong>aanor</strong></span> <span class='ocrx_word' id='word_1_73' title='bbox 910 1416 1049 1506; x_wconf 61' lang='lat' dir='ltr'><strong>aare,</strong></span> <span class='ocrx_word' id='word_1_74' title='bbox 1065 1419 1098 1494; x_wconf 86' lang='lat'><strong>1.</strong></span> <span class='ocrx_word' id='word_1_75' title='bbox 1121 1423 1216 1484; x_wconf 88' lang='lat' dir='ltr'><strong>recle</strong></span> 
     </span>
    </p>

    <p class='ocr_par' dir='ltr' id='par_1_3' title="bbox 142 1519 1217 1712">
     <span class='ocr_line' id='line_1_12' title="bbox 142 1519 1217 1610; baseline -0.003 -22"><span class='ocrx_word' id='word_1_76' title='bbox 142 1521 389 1608; x_wconf 85' lang='lat' dir='ltr'><strong>computandis.</strong></span> <span class='ocrx_word' id='word_1_77' title='bbox 439 1519 623 1610; x_wconf 85' lang='lat' dir='ltr'><strong>Utriusque</strong></span> <span class='ocrx_word' id='word_1_78' title='bbox 651 1522 738 1589; x_wconf 89' lang='lat' dir='ltr'><strong>enim</strong></span> <span class='ocrx_word' id='word_1_79' title='bbox 767 1522 904 1608; x_wconf 76' lang='lat' dir='ltr'><strong>generis</strong></span> <span class='ocrx_word' id='word_1_80' title='bbox 931 1521 1153 1609; x_wconf 84' lang='lat' dir='ltr'><strong>interpretes,</strong></span> <span class='ocrx_word' id='word_1_81' title='bbox 1182 1525 1217 1586; x_wconf 89' lang='lat' dir='ltr'><strong>et</strong></span> 
     </span>
     <span class='ocr_line' id='line_1_13' title="bbox 142 1620 1216 1712; baseline -0.006 -22"><span class='ocrx_word' id='word_1_82' title='bbox 142 1623 202 1712; x_wconf 90' lang='lat' dir='ltr'><strong>qui</strong></span> <span class='ocrx_word' id='word_1_83' title='bbox 231 1624 438 1710; x_wconf 89' lang='lat' dir='ltr'><strong>secundnm,</strong></span> <span class='ocrx_word' id='word_1_84' title='bbox 466 1629 502 1689; x_wconf 85' lang='lat' dir='ltr'><strong>et</strong></span> <span class='ocrx_word' id='word_1_85' title='bbox 535 1623 591 1712; x_wconf 91' lang='lat' dir='ltr'><strong>qui</strong></span> <span class='ocrx_word' id='word_1_86' title='bbox 619 1621 756 1691; x_wconf 88' lang='lat' dir='ltr'><strong>tertium</strong></span> <span class='ocrx_word' id='word_1_87' title='bbox 788 1624 854 1690; x_wconf 89' lang='lat' dir='ltr'><strong>iter</strong></span> <span class='ocrx_word' id='word_1_88' title='bbox 885 1620 1112 1704; x_wconf 81' lang='lat' dir='ltr'><strong>Hierosolym.</strong></span> <span class='ocrx_word' id='word_1_89' title='bbox 1139 1620 1216 1686; x_wconf 89' lang='lat' dir='ltr'><strong>loeo</strong></span> 
     </span>
    </p>

    <p class='ocr_par' dir='ltr' id='par_1_4' title="bbox 140 1719 1217 1918">
     <span class='ocr_line' id='line_1_14' title="bbox 140 1719 1217 1812; baseline -0.003 -21"><span class='ocrx_word' id='word_1_90' title='bbox 140 1724 238 1792; x_wconf 92' lang='lat' dir='ltr'><strong>laud.</strong></span> <span class='ocrx_word' id='word_1_91' title='bbox 260 1723 404 1808; x_wconf 80' lang='lat' dir='ltr'><strong>intelligi</strong></span> <span class='ocrx_word' id='word_1_92' title='bbox 430 1723 564 1812; x_wconf 90' lang='lat' dir='ltr'><strong>volunt,</strong></span> <span class='ocrx_word' id='word_1_93' title='bbox 593 1725 722 1794; x_wconf 89' lang='lat' dir='ltr'><strong>initium</strong></span> <span class='ocrx_word' id='word_1_94' title='bbox 749 1725 867 1794; x_wconf 87' lang='lat' dir='ltr'><strong>horum</strong></span> <span class='ocrx_word' id='word_1_95' title='bbox 892 1722 945 1792; x_wconf 88' lang='grc'><strong>14</strong></span> <span class='ocrx_word' id='word_1_96' title='bbox 970 1745 1132 1792; x_wconf 86' lang='lat' dir='ltr'><strong>annorum</strong></span> <span class='ocrx_word' id='word_1_97' title='bbox 1160 1719 1217 1790; x_wconf 87' lang='lat' dir='ltr'><strong>vel</strong></span> 
     </span>
     <span class='ocr_line' id='line_1_15' title="bbox 142 1824 1216 1918; baseline -0.005 -24"><span class='ocrx_word' id='word_1_98' title='bbox 142 1826 190 1894; x_wconf 88' lang='lat' dir='ltr'><strong>ab</strong></span> <span class='ocrx_word' id='word_1_99' title='bbox 211 1825 288 1914; x_wconf 87' lang='lat' dir='ltr'><strong>ipsa</strong></span> <span class='ocrx_word' id='word_1_100' title='bbox 310 1825 530 1895; x_wconf 80' lang='lat' dir='ltr'><strong>conversione</strong></span> <span class='ocrx_word' id='word_1_101' title='bbox 543 1826 643 1918; x_wconf 74' lang='lat' dir='ltr'><strong>rann</strong></span> <span class='ocrx_word' id='word_1_102' title='bbox 665 1829 709 1894; x_wconf 86' lang='lat' dir='ltr'><strong>ad</strong></span> <span class='ocrx_word' id='word_1_103' title='bbox 731 1849 831 1894; x_wconf 88' lang='lat' dir='ltr'><strong>sacra</strong></span> <span class='ocrx_word' id='word_1_104' title='bbox 844 1825 1038 1894; x_wconf 82' lang='lat' dir='ltr'><strong>Christiano</strong></span> <span class='ocrx_word' id='word_1_105' title='bbox 1059 1824 1137 1893; x_wconf 89' lang='lat' dir='ltr'><strong>duci</strong></span> <span class='ocrx_word' id='word_1_106' title='bbox 1158 1844 1216 1892; x_wconf 88' lang='lat' dir='ltr'><strong>vo-</strong></span> 
     </span>
    </p>

    <p class='ocr_par' dir='ltr' id='par_1_5' title="bbox 141 1926 1216 2017">
     <span class='ocr_line' id='line_1_16' title="bbox 141 1926 1216 2017; baseline -0.002 -23"><span class='ocrx_word' id='word_1_107' title='bbox 141 1927 230 2014; x_wconf 90' lang='lat' dir='ltr'><strong>lunt,</strong></span> <span class='ocrx_word' id='word_1_108' title='bbox 254 1926 308 1998; x_wconf 88' lang='lat' dir='ltr'><strong>vel</strong></span> <span class='ocrx_word' id='word_1_109' title='bbox 329 1927 372 1994; x_wconf 87' lang='lat' dir='ltr'><strong>ab</strong></span> <span class='ocrx_word' id='word_1_110' title='bbox 393 1927 514 1996; x_wconf 89' lang='lat' dir='ltr'><strong>itinere</strong></span> <span class='ocrx_word' id='word_1_111' title='bbox 531 1927 687 2016; x_wconf 80' lang='lat' dir='ltr'><strong>Apostoli</strong></span> <span class='ocrx_word' id='word_1_112' title='bbox 708 1928 1016 2012; x_wconf 83' lang='lat' dir='ltr'><strong>Hierosolymitano</strong></span> <span class='ocrx_word' id='word_1_113' title='bbox 1039 1934 1117 2017; x_wconf 80' lang='lat' dir='ltr'><strong>port</strong></span> <span class='ocrx_word' id='word_1_114' title='bbox 1138 1947 1216 1994; x_wconf 90' lang='lat' dir='ltr'><strong>con·</strong></span> 
     </span>
    </p>

    <p class='ocr_par' dir='ltr' id='par_1_6' title="bbox 67 2025 1217 2425">
     <span class='ocr_line' id='line_1_17' title="bbox 140 2025 1216 2119; baseline -0.006 -19"><span class='ocrx_word' id='word_1_115' title='bbox 140 2030 333 2100; x_wconf 82' lang='lat' dir='ltr'><strong>versionem</strong></span> <span class='ocrx_word' id='word_1_116' title='bbox 367 2029 474 2117; x_wconf 90' lang='lat' dir='ltr'><strong>primo</strong></span> <span class='ocrx_word' id='word_1_117' title='bbox 509 2031 624 2113; x_wconf 77' lang='lat' dir='ltr'><strong>(Ace.</strong></span> <span class='ocrx_word' id='word_1_118' title='bbox 646 2025 684 2115; x_wconf 81' lang='lat'><strong>9,</strong></span> <span class='ocrx_word' id='word_1_119' title='bbox 704 2027 768 2098; x_wconf 76' lang='lat'><strong>26.</strong></span> <span class='ocrx_word' id='word_1_120' title='bbox 805 2027 1046 2119; x_wconf 71' lang='lat' dir='ltr'><strong>Gar.1,18.).</strong></span> <span class='ocrx_word' id='word_1_121' title='bbox 1094 2029 1216 2096; x_wconf 87' lang='lat' dir='ltr'><strong>Utrum</strong></span> 
     </span>
     <span class='ocr_line' id='line_1_18' title="bbox 140 2128 1216 2221; baseline -0.001 -24"><span class='ocrx_word' id='word_1_122' title='bbox 140 2131 310 2220; x_wconf 84' lang='lat' dir='ltr'><strong>praeferri</strong></span> <span class='ocrx_word' id='word_1_123' title='bbox 337 2133 460 2200; x_wconf 82' lang='lat' dir='ltr'><strong>tlebeat</strong></span> <span class='ocrx_word' id='word_1_124' title='bbox 487 2131 537 2198; x_wconf 84' lang='lat' dir='ltr'><strong>ita</strong></span> <span class='ocrx_word' id='word_1_125' title='bbox 562 2131 754 2218; x_wconf 88' lang='lat' dir='ltr'><strong>videamus,</strong></span> <span class='ocrx_word' id='word_1_126' title='bbox 782 2138 838 2219; x_wconf 87' lang='lat' dir='ltr'><strong>nt,</strong></span> <span class='ocrx_word' id='word_1_127' title='bbox 868 2153 954 2221; x_wconf 85' lang='lat' dir='ltr'><strong>quae</strong></span> <span class='ocrx_word' id='word_1_128' title='bbox 974 2151 1060 2220; x_wconf 87' lang='lat' dir='ltr'><strong>prae</strong></span> <span class='ocrx_word' id='word_1_129' title='bbox 1090 2128 1216 2198; x_wconf 87' lang='lat' dir='ltr'><strong>ceteris</strong></span> 
     </span>
     <span class='ocr_line' id='line_1_19' title="bbox 67 2231 1217 2321; baseline -0.003 -21"><span class='ocrx_word' id='word_1_130' title='bbox 67 2235 74 2242; x_wconf 87' lang='lat'>&#39;</span> <span class='ocrx_word' id='word_1_131' title='bbox 141 2233 213 2300; x_wconf 88' lang='lat' dir='ltr'><strong>sint</strong></span> <span class='ocrx_word' id='word_1_132' title='bbox 246 2233 445 2320; x_wconf 87' lang='lat' dir='ltr'><strong>perspicua,</strong></span> <span class='ocrx_word' id='word_1_133' title='bbox 481 2231 739 2321; x_wconf 86' lang='lat' dir='ltr'><strong>computationis</strong></span> <span class='ocrx_word' id='word_1_134' title='bbox 772 2240 889 2301; x_wconf 88' lang='lat' dir='ltr'><strong>rectae</strong></span> <span class='ocrx_word' id='word_1_135' title='bbox 923 2253 1084 2302; x_wconf 87' lang='lat' dir='ltr'><strong>annorum</strong></span> <span class='ocrx_word' id='word_1_136' title='bbox 1115 2231 1217 2299; x_wconf 86' lang='lat' dir='ltr'><strong>Pauli</strong></span> 
     </span>
     <span class='ocr_line' id='line_1_20' title="bbox 139 2333 1215 2425; baseline -0.007 -20"><span class='ocrx_word' id='word_1_137' title='bbox 139 2336 289 2422; x_wconf 80' lang='lat' dir='ltr'><strong>vestigia</strong></span> <span class='ocrx_word' id='word_1_138' title='bbox 324 2357 514 2425; x_wconf 86' lang='lat' dir='ltr'><strong>sequemur.</strong></span> <span class='ocrx_word' id='word_1_139' title='bbox 564 2336 763 2424; x_wconf 80' lang='lat' dir='ltr'><strong>Quanquam</strong></span> <span class='ocrx_word' id='word_1_140' title='bbox 791 2334 961 2422; x_wconf 88' lang='lat' dir='ltr'><strong>narratio,</strong></span> <span class='ocrx_word' id='word_1_141' title='bbox 996 2357 1096 2424; x_wconf 89' lang='lat' dir='ltr'><strong>quam</strong></span> <span class='ocrx_word' id='word_1_142' title='bbox 1124 2333 1215 2402; x_wconf 87' lang='lat' dir='ltr'><strong>Aeta</strong></span> 
     </span>
    </p>

    <p class='ocr_par' dir='ltr' id='par_1_7' title="bbox 141 2433 1234 2629">
     <span class='ocr_line' id='line_1_21' title="bbox 141 2433 1234 2526; baseline -0.005 -21"><span class='ocrx_word' id='word_1_143' title='bbox 141 2439 233 2526; x_wconf 85' lang='lat' dir='ltr'><strong>App.</strong></span> <span class='ocrx_word' id='word_1_144' title='bbox 256 2437 426 2524; x_wconf 84' lang='lat' dir='ltr'><strong>exhibent,</strong></span> <span class='ocrx_word' id='word_1_145' title='bbox 449 2436 679 2506; x_wconf 80' lang='lat' dir='ltr'><strong>conversionis</strong></span> <span class='ocrx_word' id='word_1_146' title='bbox 696 2435 796 2503; x_wconf 89' lang='lat' dir='ltr'><strong>Pauli</strong></span> <span class='ocrx_word' id='word_1_147' title='bbox 810 2437 937 2505; x_wconf 91' lang='lat' dir='ltr'><strong>nullum</strong></span> <span class='ocrx_word' id='word_1_148' title='bbox 958 2435 1088 2526; x_wconf 81' lang='lat' dir='ltr'><strong>profert</strong></span> <span class='ocrx_word' id='word_1_149' title='bbox 1101 2433 1234 2522; x_wconf 55' lang='lat' dir='ltr'><strong>ipsius„</strong></span> 
     </span>
     <span class='ocr_line' id='line_1_22' title="bbox 142 2537 1215 2629; baseline -0.004 -22"><span class='ocrx_word' id='word_1_150' title='bbox 142 2540 223 2607; x_wconf 85' lang='lat' dir='ltr'><strong>anui</strong></span> <span class='ocrx_word' id='word_1_151' title='bbox 252 2561 317 2629; x_wconf 89' lang='lat' dir='ltr'><strong>quo</strong></span> <span class='ocrx_word' id='word_1_152' title='bbox 345 2539 471 2606; x_wconf 90' lang='lat' dir='ltr'><strong>accidit</strong></span> <span class='ocrx_word' id='word_1_153' title='bbox 505 2538 687 2626; x_wconf 87' lang='lat' dir='ltr'><strong>iudicium,</strong></span> <span class='ocrx_word' id='word_1_154' title='bbox 713 2538 892 2628; x_wconf 83' lang='lat' dir='ltr'><strong>verissime</strong></span> <span class='ocrx_word' id='word_1_155' title='bbox 918 2547 1032 2606; x_wconf 90' lang='lat' dir='ltr'><strong>tamen</strong></span> <span class='ocrx_word' id='word_1_156' title='bbox 1059 2537 1215 2604; x_wconf 84' lang='lat' dir='ltr'><strong>adfirma-</strong></span> 
     </span>
    </p>

    <p class='ocr_par' dir='ltr' id='par_1_8' title="bbox 142 2639 1214 2732">
     <span class='ocr_line' id='line_1_23' title="bbox 142 2639 1214 2732; baseline -0.005 -23"><span class='ocrx_word' id='word_1_157' title='bbox 142 2665 238 2720; x_wconf 88' lang='lat' dir='ltr'><strong>mus,</strong></span> <span class='ocrx_word' id='word_1_158' title='bbox 258 2640 459 2729; x_wconf 83' lang='lat' dir='ltr'><strong>Apostolum</strong></span> <span class='ocrx_word' id='word_1_159' title='bbox 481 2663 546 2709; x_wconf 91' lang='lat' dir='ltr'><strong>nec</strong></span> <span class='ocrx_word' id='word_1_160' title='bbox 568 2643 686 2710; x_wconf 89' lang='lat' dir='ltr'><strong>eodem</strong></span> <span class='ocrx_word' id='word_1_161' title='bbox 708 2663 815 2730; x_wconf 86' lang='lat' dir='ltr'><strong>anno,</strong></span> <span class='ocrx_word' id='word_1_162' title='bbox 844 2665 909 2732; x_wconf 91' lang='lat' dir='ltr'><strong>quo</strong></span> <span class='ocrx_word' id='word_1_163' title='bbox 930 2641 1036 2708; x_wconf 77' lang='lat' dir='ltr'><strong>desua</strong></span> <span class='ocrx_word' id='word_1_164' title='bbox 1059 2639 1214 2706; x_wconf 82' lang='lat' dir='ltr'><strong>Christus</strong></span> 
     </span>
    </p>

    <p class='ocr_par' dir='ltr' id='par_1_9' title="bbox 77 2733 1270 4054">
     <span class='ocr_line' id='line_1_24' title="bbox 142 2733 1241 2832; baseline -0.005 -20"><span class='ocrx_word' id='word_1_165' title='bbox 142 2753 238 2814; x_wconf 86' lang='lat' dir='ltr'><strong>terra</strong></span> <span class='ocrx_word' id='word_1_166' title='bbox 260 2739 477 2811; x_wconf 80' lang='lat' dir='ltr'><strong>discessisset</strong></span> <span class='ocrx_word' id='word_1_167' title='bbox 497 2745 531 2831; x_wconf 89' lang='lat' dir='ltr'><strong>(i.</strong></span> <span class='ocrx_word' id='word_1_168' title='bbox 554 2767 585 2812; x_wconf 88' lang='lat' dir='ltr'><strong>e.</strong></span> <span class='ocrx_word' id='word_1_169' title='bbox 607 2765 710 2812; x_wconf 89' lang='lat' dir='ltr'><strong>acrae</strong></span> <span class='ocrx_word' id='word_1_170' title='bbox 729 2745 880 2832; x_wconf 80' lang='lat' dir='ltr'><strong>vulgaris</strong></span> <span class='ocrx_word' id='word_1_171' title='bbox 902 2767 934 2810; x_wconf 85' lang='lat' dir='ltr'><strong>a.</strong></span> <span class='ocrx_word' id='word_1_172' title='bbox 951 2741 1041 2830; x_wconf 62' lang='lat' dir='ltr'><strong>dd),</strong></span> <span class='ocrx_word' id='word_1_173' title='bbox 1062 2762 1126 2809; x_wconf 88' lang='lat' dir='ltr'><strong>nee</strong></span> <span class='ocrx_word' id='word_1_174' title='bbox 1146 2739 1214 2828; x_wconf 91' lang='lat' dir='ltr'><strong>pri·</strong></span> <span class='ocrx_word' id='word_1_175' title='bbox 1238 2733 1241 2738; x_wconf 69' lang='grc'>’</span> 
     </span>
     <span class='ocr_line' id='line_1_25' title="bbox 140 2841 1216 2935; baseline -0.007 -21"><span class='ocrx_word' id='word_1_176' title='bbox 140 2847 208 2915; x_wconf 85' lang='lat' dir='ltr'><strong>mis</strong></span> <span class='ocrx_word' id='word_1_177' title='bbox 230 2845 345 2913; x_wconf 87' lang='lat' dir='ltr'><strong>statim</strong></span> <span class='ocrx_word' id='word_1_178' title='bbox 367 2846 464 2912; x_wconf 88' lang='lat' dir='ltr'><strong>annis</strong></span> <span class='ocrx_word' id='word_1_179' title='bbox 485 2855 564 2935; x_wconf 83' lang='lat' dir='ltr'><strong>port</strong></span> <span class='ocrx_word' id='word_1_180' title='bbox 584 2848 710 2914; x_wconf 86' lang='lat' dir='ltr'><strong>abitum</strong></span> <span class='ocrx_word' id='word_1_181' title='bbox 724 2847 918 2915; x_wconf 83' lang='lat' dir='ltr'><strong>Servatoris</strong></span> <span class='ocrx_word' id='word_1_182' title='bbox 940 2847 984 2911; x_wconf 87' lang='lat' dir='ltr'><strong>ad</strong></span> <span class='ocrx_word' id='word_1_183' title='bbox 1004 2864 1106 2910; x_wconf 81' lang='lat' dir='ltr'><strong>saera</strong></span> <span class='ocrx_word' id='word_1_184' title='bbox 1118 2841 1216 2908; x_wconf 79' lang='lat' dir='ltr'><strong>(lieri-</strong></span> 
     </span>
     <span class='ocr_line' id='line_1_26' title="bbox 142 2943 1215 3037; baseline -0.007 -22"><span class='ocrx_word' id='word_1_185' title='bbox 142 2950 257 3016; x_wconf 87' lang='lat' dir='ltr'><strong>stiaua</strong></span> <span class='ocrx_word' id='word_1_186' title='bbox 278 2947 467 3016; x_wconf 84' lang='lat' dir='ltr'><strong>transiisse.</strong></span> <span class='ocrx_word' id='word_1_187' title='bbox 510 2949 777 3016; x_wconf 85' lang='lat' dir='ltr'><strong>Adscensionem</strong></span> <span class='ocrx_word' id='word_1_188' title='bbox 800 2949 921 3037; x_wconf 91' lang='lat' dir='ltr'><strong>quippe</strong></span> <span class='ocrx_word' id='word_1_189' title='bbox 944 2944 1137 3016; x_wconf 86' lang='lat' dir='ltr'><strong>Servatoris</strong></span> <span class='ocrx_word' id='word_1_190' title='bbox 1165 2943 1215 3008; x_wconf 90' lang='lat' dir='ltr'><strong>in·</strong></span> 
     </span>
     <span class='ocr_line' id='line_1_27' title="bbox 141 3041 1215 3138; baseline -0.008 -21"><span class='ocrx_word' id='word_1_191' title='bbox 141 3058 198 3118; x_wconf 88' lang='lat' dir='ltr'><strong>ter</strong></span> <span class='ocrx_word' id='word_1_192' title='bbox 221 3057 256 3116; x_wconf 90' lang='lat' dir='ltr'><strong>ot</strong></span> <span class='ocrx_word' id='word_1_193' title='bbox 272 3048 372 3116; x_wconf 84' lang='lat' dir='ltr'><strong>Pauli</strong></span> <span class='ocrx_word' id='word_1_194' title='bbox 395 3050 648 3120; x_wconf 85' lang='lat' dir='ltr'><strong>conversionem</strong></span> <span class='ocrx_word' id='word_1_195' title='bbox 670 3050 838 3138; x_wconf 88' lang='lat' dir='ltr'><strong>permulta</strong></span> <span class='ocrx_word' id='word_1_196' title='bbox 859 3049 928 3117; x_wconf 85' lang='lat' dir='ltr'><strong>alia</strong></span> <span class='ocrx_word' id='word_1_197' title='bbox 949 3047 1158 3132; x_wconf 84' lang='lat' dir='ltr'><strong>acciderunt,</strong></span> <span class='ocrx_word' id='word_1_198' title='bbox 1179 3041 1215 3109; x_wconf 94' lang='lat' dir='ltr'><strong>in</strong></span> 
     </span>
     <span class='ocr_line' id='line_1_28' title="bbox 141 3149 1215 3228; baseline -0.008 -8"><span class='ocrx_word' id='word_1_199' title='bbox 141 3151 244 3220; x_wconf 75' lang='lat' dir='ltr'><strong>Aeta</strong></span> <span class='ocrx_word' id='word_1_200' title='bbox 265 3174 294 3218; x_wconf 92' lang='lat' dir='ltr'><strong>c.</strong></span> <span class='ocrx_word' id='word_1_201' title='bbox 314 3151 347 3218; x_wconf 92' lang='lat'><strong>1.</strong></span> <span class='ocrx_word' id='word_1_202' title='bbox 368 3175 400 3220; x_wconf 90' lang='lat' dir='ltr'><strong>v.</strong></span> <span class='ocrx_word' id='word_1_203' title='bbox 425 3151 529 3220; x_wconf 70' lang='lat'><strong>12-</strong></span> <span class='ocrx_word' id='word_1_204' title='bbox 545 3176 574 3220; x_wconf 95' lang='lat' dir='ltr'><strong>e.</strong></span> <span class='ocrx_word' id='word_1_205' title='bbox 589 3149 625 3220; x_wconf 86' lang='grc'><strong>9.</strong></span> <span class='ocrx_word' id='word_1_206' title='bbox 649 3161 817 3221; x_wconf 86' lang='lat' dir='ltr'><strong>enarrata.</strong></span> <span class='ocrx_word' id='word_1_207' title='bbox 862 3150 1012 3228; x_wconf 76' lang='lat' dir='ltr'><strong>Quorum</strong></span> <span class='ocrx_word' id='word_1_208' title='bbox 1034 3153 1215 3217; x_wconf 87' lang='lat' dir='ltr'><strong>eventuum</strong></span> 
     </span>
     <span class='ocr_line' id='line_1_29' title="bbox 77 3248 1216 3343; baseline -0.005 -23"><span class='ocrx_word' id='word_1_209' title='bbox 77 3289 83 3300; x_wconf 94' lang='lat'><em>·</em></span> <span class='ocrx_word' id='word_1_210' title='bbox 142 3253 267 3322; x_wconf 88' lang='lat' dir='ltr'><strong>seriem</strong></span> <span class='ocrx_word' id='word_1_211' title='bbox 294 3253 430 3340; x_wconf 80' lang='lat' dir='ltr'><strong>longam</strong></span> <span class='ocrx_word' id='word_1_212' title='bbox 453 3256 627 3343; x_wconf 82' lang='lat' dir='ltr'><strong>quominus</strong></span> <span class='ocrx_word' id='word_1_213' title='bbox 648 3256 747 3322; x_wconf 92' lang='lat' dir='ltr'><strong>unius</strong></span> <span class='ocrx_word' id='word_1_214' title='bbox 770 3251 847 3320; x_wconf 89' lang='lat' dir='ltr'><strong>anni</strong></span> <span class='ocrx_word' id='word_1_215' title='bbox 875 3251 984 3339; x_wconf 90' lang='lat' dir='ltr'><strong>spatio</strong></span> <span class='ocrx_word' id='word_1_216' title='bbox 1012 3248 1216 3336; x_wconf 74' lang='lat' dir='ltr'><strong>complecta·-</strong></span> 
     </span>
     <span class='ocr_line' id='line_1_30' title="bbox 140 3351 1214 3443; baseline -0.006 -21"><span class='ocrx_word' id='word_1_217' title='bbox 140 3377 219 3422; x_wconf 89' lang='lat' dir='ltr'><strong>mur</strong></span> <span class='ocrx_word' id='word_1_218' title='bbox 260 3363 397 3443; x_wconf 87' lang='lat' dir='ltr'><strong>praetor</strong></span> <span class='ocrx_word' id='word_1_219' title='bbox 429 3355 575 3424; x_wconf 88' lang='lat' dir='ltr'><strong>indolem</strong></span> <span class='ocrx_word' id='word_1_220' title='bbox 608 3379 722 3424; x_wconf 91' lang='lat' dir='ltr'><strong>rerum</strong></span> <span class='ocrx_word' id='word_1_221' title='bbox 751 3355 979 3443; x_wconf 84' lang='lat' dir='ltr'><strong>expositarum</strong></span> <span class='ocrx_word' id='word_1_222' title='bbox 1015 3352 1117 3419; x_wconf 88' lang='lat' dir='ltr'><strong>etiam</strong></span> <span class='ocrx_word' id='word_1_223' title='bbox 1149 3351 1214 3417; x_wconf 87' lang='lat' dir='ltr'><strong>hoo</strong></span> 
     </span>
     <span class='ocr_line' id='line_1_31' title="bbox 140 3453 1213 3546; baseline -0.003 -22"><span class='ocrx_word' id='word_1_224' title='bbox 140 3457 295 3546; x_wconf 87' lang='lat' dir='ltr'><strong>impedit,</strong></span> <span class='ocrx_word' id='word_1_225' title='bbox 317 3459 406 3546; x_wconf 90' lang='lat' dir='ltr'><strong>quod</strong></span> <span class='ocrx_word' id='word_1_226' title='bbox 424 3457 588 3524; x_wconf 91' lang='lat' dir='ltr'><strong>eiusmodi</strong></span> <span class='ocrx_word' id='word_1_227' title='bbox 602 3457 856 3526; x_wconf 88' lang='lat' dir='ltr'><strong>observationes</strong></span> <span class='ocrx_word' id='word_1_228' title='bbox 868 3454 1043 3544; x_wconf 87' lang='lat' dir='ltr'><strong>scriptoris</strong></span> <span class='ocrx_word' id='word_1_229' title='bbox 1056 3453 1213 3522; x_wconf 87' lang='lat' dir='ltr'><strong>universe</strong></span> 
     </span>
     <span class='ocr_line' id='line_1_32' title="bbox 143 3555 1213 3649; baseline -0.007 -20"><span class='ocrx_word' id='word_1_230' title='bbox 143 3560 357 3646; x_wconf 86' lang='lat' dir='ltr'><strong>enuntiatae,</strong></span> <span class='ocrx_word' id='word_1_231' title='bbox 392 3557 511 3649; x_wconf 83' lang='lat' dir='ltr'><strong>quales</strong></span> <span class='ocrx_word' id='word_1_232' title='bbox 537 3583 568 3626; x_wconf 90' lang='lat' dir='ltr'><strong>c.</strong></span> <span class='ocrx_word' id='word_1_233' title='bbox 589 3558 640 3642; x_wconf 69' lang='lat' dir='ltr'><strong>ld.n</strong></span> <span class='ocrx_word' id='word_1_234' title='bbox 655 3583 687 3629; x_wconf 87' lang='lat' dir='ltr'><strong>v.</strong></span> <span class='ocrx_word' id='word_1_235' title='bbox 707 3557 774 3628; x_wconf 74' lang='lat'><strong>42.</strong></span> <span class='ocrx_word' id='word_1_236' title='bbox 794 3581 867 3648; x_wconf 86' lang='lat' dir='ltr'><strong>sqq.</strong></span> <span class='ocrx_word' id='word_1_237' title='bbox 896 3579 927 3624; x_wconf 88' lang='lat' dir='ltr'><strong>o.</strong></span> <span class='ocrx_word' id='word_1_238' title='bbox 941 3555 979 3646; x_wconf 91' lang='grc'><strong>4.</strong></span> <span class='ocrx_word' id='word_1_239' title='bbox 1007 3578 1039 3625; x_wconf 86' lang='lat' dir='ltr'><strong>v.</strong></span> <span class='ocrx_word' id='word_1_240' title='bbox 1056 3555 1120 3624; x_wconf 78' lang='lat' dir='ltr'><strong>llll.</strong></span> <span class='ocrx_word' id='word_1_241' title='bbox 1140 3576 1213 3645; x_wconf 87' lang='lat' dir='ltr'><strong>sqq.</strong></span> 
     </span>
     <span class='ocr_line' id='line_1_33' title="bbox 143 3657 1214 3752; baseline -0.006 -23"><span class='ocrx_word' id='word_1_242' title='bbox 143 3685 175 3729; x_wconf 90' lang='lat' dir='ltr'><strong>c.</strong></span> <span class='ocrx_word' id='word_1_243' title='bbox 194 3659 233 3748; x_wconf 81' lang='grc'><strong>5,</strong></span> <span class='ocrx_word' id='word_1_244' title='bbox 255 3685 288 3733; x_wconf 86' lang='lat' dir='ltr'><strong>v.</strong></span> <span class='ocrx_word' id='word_1_245' title='bbox 307 3657 374 3730; x_wconf 73' lang='lat'><strong>42.</strong></span> <span class='ocrx_word' id='word_1_246' title='bbox 405 3685 434 3728; x_wconf 88' lang='lat' dir='ltr'><strong>c.</strong></span> <span class='ocrx_word' id='word_1_247' title='bbox 450 3659 486 3730; x_wconf 82' lang='lat'><strong>6·</strong></span> <span class='ocrx_word' id='word_1_248' title='bbox 507 3683 540 3730; x_wconf 88' lang='lat' dir='ltr'><strong>v.</strong></span> <span class='ocrx_word' id='word_1_249' title='bbox 557 3659 594 3728; x_wconf 75' lang='lat'><strong>7.</strong></span> <span class='ocrx_word' id='word_1_250' title='bbox 623 3659 822 3752; x_wconf 59' lang='lat' dir='ltr'><strong>obveniunt,</strong></span> <span class='ocrx_word' id='word_1_251' title='bbox 855 3659 946 3726; x_wconf 88' lang='lat' dir='ltr'><strong>haud</strong></span> <span class='ocrx_word' id='word_1_252' title='bbox 971 3658 1115 3726; x_wconf 88' lang='lat' dir='ltr'><strong>obscure</strong></span> <span class='ocrx_word' id='word_1_253' title='bbox 1142 3658 1214 3724; x_wconf 90' lang='lat' dir='ltr'><strong>lon·</strong></span> 
     </span>
     <span class='ocr_line' id='line_1_34' title="bbox 142 3758 1214 3850; baseline 0 -23"><span class='ocrx_word' id='word_1_254' title='bbox 142 3761 281 3848; x_wconf 81' lang='lat' dir='ltr'><strong>giorem.</strong></span> <span class='ocrx_word' id='word_1_255' title='bbox 306 3762 447 3830; x_wconf 90' lang='lat' dir='ltr'><strong>innuunt</strong></span> <span class='ocrx_word' id='word_1_256' title='bbox 481 3770 668 3850; x_wconf 88' lang='lat' dir='ltr'><strong>temporum</strong></span> <span class='ocrx_word' id='word_1_257' title='bbox 698 3765 886 3831; x_wconf 87' lang='lat' dir='ltr'><strong>decursum.</strong></span> <span class='ocrx_word' id='word_1_258' title='bbox 939 3761 1012 3830; x_wconf 86' lang='lat' dir='ltr'><strong>Nec</strong></span> <span class='ocrx_word' id='word_1_259' title='bbox 1040 3758 1214 3849; x_wconf 86' lang='lat' dir='ltr'><strong>probabile</strong></span> 
     </span>
     <span class='ocr_line' id='line_1_35' title="bbox 144 3859 1270 3952; baseline -0.001 -22"><span class='ocrx_word' id='word_1_260' title='bbox 144 3863 308 3951; x_wconf 86' lang='lat' dir='ltr'><strong>dixerim,</strong></span> <span class='ocrx_word' id='word_1_261' title='bbox 336 3864 502 3952; x_wconf 86' lang='lat' dir='ltr'><strong>Paulum,</strong></span> <span class='ocrx_word' id='word_1_262' title='bbox 531 3865 670 3932; x_wconf 86' lang='lat' dir='ltr'><strong>scholae</strong></span> <span class='ocrx_word' id='word_1_263' title='bbox 699 3863 898 3932; x_wconf 82' lang='lat' dir='ltr'><strong>Gamalielis</strong></span> <span class='ocrx_word' id='word_1_264' title='bbox 924 3862 1102 3930; x_wconf 86' lang='lat' dir='ltr'><strong>Pharisaei</strong></span> <span class='ocrx_word' id='word_1_265' title='bbox 1130 3859 1212 3929; x_wconf 85' lang='lat' dir='ltr'><strong>Hie·</strong></span> <span class='ocrx_word' id='word_1_266' title='bbox 1266 3891 1270 3898; x_wconf 61' lang='lat'><strong><em>¹</em></strong></span> 
     </span>
     <span class='ocr_line' id='line_1_36' title="bbox 141 3963 1213 4054; baseline -0.001 -22"><span class='ocrx_word' id='word_1_267' title='bbox 141 3965 374 4047; x_wconf 79' lang='lat' dir='ltr'><strong>rosolymitani</strong></span> <span class='ocrx_word' id='word_1_268' title='bbox 402 3967 563 4034; x_wconf 85' lang='lat' dir='ltr'><strong>traditum</strong></span> <span class='ocrx_word' id='word_1_269' title='bbox 591 3967 705 4050; x_wconf 75' lang='lat' dir='ltr'><strong>(Acte.</strong></span> <span class='ocrx_word' id='word_1_270' title='bbox 725 3965 790 4054; x_wconf 71' lang='lat'><strong>22,</strong></span> <span class='ocrx_word' id='word_1_271' title='bbox 810 3965 877 4053; x_wconf 80' lang='grc'><strong>3.),</strong></span> <span class='ocrx_word' id='word_1_272' title='bbox 909 3963 1106 4035; x_wconf 65' lang='lat' dir='ltr'><strong>manassae</strong></span> <span class='ocrx_word' id='word_1_273' title='bbox 1131 3976 1213 4032; x_wconf 71' lang='lat' dir='ltr'><strong>um·</strong></span> 
     </span>
    </p>
   </div>
   <div class='ocr_carea' id='block_1_3' title="bbox 136 4066 1337 4262">
    <p class='ocr_par' dir='ltr' id='par_1_10' title="bbox 136 4066 1337 4262">
     <span class='ocr_line' id='line_1_37' title="bbox 136 4066 1337 4159; baseline 0.001 -24"><span class='ocrx_word' id='word_1_274' title='bbox 136 4070 239 4158; x_wconf 68' lang='lat' dir='ltr'><strong>porei</strong></span> <span class='ocrx_word' id='word_1_275' title='bbox 265 4071 375 4157; x_wconf 68' lang='lat' dir='ltr'><strong>eposio</strong></span> <span class='ocrx_word' id='word_1_276' title='bbox 404 4077 534 4136; x_wconf 88' lang='lat' dir='ltr'><strong>tantam</strong></span> <span class='ocrx_word' id='word_1_277' title='bbox 567 4067 790 4159; x_wconf 86' lang='lat' dir='ltr'><strong>acquisivisse</strong></span> <span class='ocrx_word' id='word_1_278' title='bbox 822 4067 1017 4158; x_wconf 78' lang='lat' dir='ltr'><strong>theologiae</strong></span> <span class='ocrx_word' id='word_1_279' title='bbox 1043 4066 1212 4135; x_wconf 66' lang='lat' dir='ltr'><strong>turcinas</strong></span> <span class='ocrx_word' id='word_1_280' title='bbox 1336 4125 1337 4136; x_wconf 70' lang='grc'>,</span> 
     </span>
     <span class='ocr_line' id='line_1_38' title="bbox 143 4169 1336 4262; baseline -0.006 -22"><span class='ocrx_word' id='word_1_281' title='bbox 143 4169 381 4258; x_wconf 73' lang='lat' dir='ltr'><strong>coguitionem,</strong></span> <span class='ocrx_word' id='word_1_282' title='bbox 403 4178 561 4262; x_wconf 87' lang='lat' dir='ltr'><strong>quantam</strong></span> <span class='ocrx_word' id='word_1_283' title='bbox 582 4170 616 4244; x_wconf 86' lang='lat' dir='ltr'><strong>ln</strong></span> <span class='ocrx_word' id='word_1_284' title='bbox 638 4171 704 4240; x_wconf 86' lang='lat' dir='ltr'><strong>hoo</strong></span> <span class='ocrx_word' id='word_1_285' title='bbox 724 4171 832 4241; x_wconf 85' lang='lat' dir='ltr'><strong>inisse</strong></span> <span class='ocrx_word' id='word_1_286' title='bbox 852 4169 1017 4262; x_wconf 81' lang='lat' dir='ltr'><strong>Apostolo</strong></span> <span class='ocrx_word' id='word_1_287' title='bbox 1038 4188 1213 4240; x_wconf 86' lang='lat' dir='ltr'><strong>sermones</strong></span> <span class='ocrx_word' id='word_1_288' title='bbox 1335 4235 1336 4249; x_wconf 29' lang='lat'>2</span> 
     </span>
    </p>
   </div>
   <div class='ocr_carea' id='block_1_4' title="bbox 0 0 1376 4824">
    <p class='ocr_par' dir='ltr' id='par_1_11' title="bbox 0 0 1376 4824">
     <span class='ocr_line' id='line_1_39' title="bbox 0 0 1376 4824; baseline 0 0"><span class='ocrx_word' id='word_1_289' title='bbox 0 0 1376 4824; x_wconf 95' lang='lat' dir='ltr'><strong> </strong></span> 
     </span>
    </p>
   </div>
  </div>
 </body>
</html>
