2684 4830
232 413 388 504 Epistola
410 415 454 482 stl
477 412 629 482 Galatas.
659 414 697 482 G.
720 413 765 480 ll.
787 413 831 486 V·
854 415 1025 486 11-11.
1090 415 1169 486 383

96 611 122 652 e.
136 593 187 653 10.
213 609 239 652 a
261 591 312 651 11.
358 591 486 667 Verum,
513 590 560 665 qui
581 589 647 650 olim
667 588 731 663 lpse
751 591 873 651 eandem
892 589 1060 651 sententiam
1087 609 1172 668 quern

93 691 385 754 iudaea-Christiani
411 691 576 750 severiores
602 692 740 751 tenebant
765 694 836 750 satls
864 694 912 752 diu
932 695 1122 771 probaverat,
1143 701 1174 753 et

95 794 275 871 experiundo
296 798 490 872 eognoverat,
519 809 604 868 qnam
626 793 703 853 altas
727 795 844 853 radtoes
864 793 1006 855 eiusmodi
1026 797 1172 871 opiniones

93 899 125 957 in
153 896 295 957 mentibus
322 889 468 955 hominurn
500 897 638 972 agerent,
666 895 756 954 faede
788 895 876 956 etiam
902 899 968 968 post
1000 903 1172 957 conventum

93 997 239 1059 Hierosol
269 998 551 1058 accommodationis
571 1013 666 1058 eausa
691 996 803 1055 oeitmn
829 997 882 1056 sibi
908 999 1036 1076 putavit,
1062 1003 1096 1057 nt
1114 1001 1173 1058 iilis

92 1101 255 1162 hominibus
283 1098 457 1172 aliquamdiu
488 1097 622 1174 eederet,
647 1097 794 1172 nolletque
817 1097 854 1157 lis
878 1101 1077 1171 praesentibus
1106 1115 1172 1162 oum

96 1202 270 1262 Christianis
291 1217 347 1260 non
377 1201 557 1259 eironmeisis
578 1201 740 1260 eomedere
788 1198 994 1260 Dissimulabat
1017 1203 1067 1262 illo
1093 1206 1172 1261 tem-

94 1319 168 1378 pore
196 1302 413 1376 persuasionem
439 1307 564 1378 restam,
591 1301 923 1363 sennen-christianos*
951 1306 1053 1376 operte
1078 1306 1171 1364 olien-

97 1405 199 1482 debat,
226 1422 264 1463 ne
284 1405 341 1462 illis
361 1404 669 1464 iudaea-Christianis
689 1403 910 1478 improbaretur,
932 1421 986 1462 neo
1006 1405 1080 1463 satis
1099 1421 1171 1478 per-

97 1507 243 1590 pendeoat
264 1505 369 1564 damna
388 1505 616 1582 facile-oritura,
637 1505 664 1563 si
680 1503 835 1565 tirristieni
847 1501 1023 1564 Antiochenl
1043 1505 1073 1564 11
1094 1505 1172 1564 hano

96 1601 261 1680 opinionem
281 1606 503 1684 inducerentur,
531 1608 648 1665 Petrum
669 1621 726 1665 non
747 1605 868 1678 amplius
889 1608 1025 1684 probare,
1047 1607 1122 1681 quod
1142 1610 1171 1666 in

97 1713 244 1768 eonventu
270 1709 414 1767 Hierosol.
440 1711 503 1782 ipse
531 1708 723 1784 defendisset,
748 1707 873 1768 salutem
899 1723 956 1766 non
979 1709 1108 1782 pendere
1134 1725 1172 1766 ex

97 1811 301 1869 observatione
320 1809 396 1886 legis
418 1807 579 1868 Mosaleae
629 1809 798 1882 Quanquam
818 1809 928 1868 Paulus
952 1811 1015 1884 lpse
1035 1826 1090 1870 non
1113 1812 1172 1869 du-

95 1913 199 1971 bitarit
226 1915 256 1970 et
276 1927 408 1969 sermone
429 1914 460 1969 et
486 1913 573 1969 saetis
599 1910 637 1968 ad
663 1909 887 1970 imbecillitatem
914 1901 1075 1990 hominurn,
1101 1929 1171 1986 quos

97 2013 214 2072 veritati
237 2008 426 2072 Christianae
441 2013 646 2072 conciliaturus
663 2017 760 2087 esset,
781 2014 989 2086 quodammodo
1010 2029 1043 2072 se
1064 2014 1171 2071 demit-
1239 2084 1243 2092 1

96 2120 160 2174 tere
187 2113 606 2194 Α111.16,3.21,20-27.
639 2115 667 2174 1.
681 2115 765 2174 corr.
777 2117 811 2193 9,
823 2117 875 2173 21.
895 2131 958 2192 sqq.
964 2158 977 2196 ,
997 2113 1099 2174 sedulo
1120 2119 1170 2173 ta-

1 2207 3 2211 ’
97 2233 163 2274 men
187 2218 280 2292 eavit,
301 2231 339 2273 ne
361 2215 500 2274 eiusmodi
520 2215 786 2274 aeoommodatione
806 2219 951 2293 uteretur,
973 2217 1171 2290 11111111-

96 2321 210 2376 fensam
242 2319 394 2390 praeberet
419 2317 752 2392 atomon-christianis,
779 2317 830 2375 vel
854 2312 1000 2377 hominmn
1030 2319 1078 2392 qui
1104 2319 1171 2392 opi-

98 2421 199 2478 niones
220 2421 447 2493 praeconceptae
467 2419 654 2492 pertinaciter
675 2417 864 2478 defenderent
886 2417 1005 2496 (quales
1024 2419 1066 2478 llll
1089 2427 1172 2499 ψευ-

100 2515 278 2605 δυῖδελφοι,
300 2519 347 2593 qui
366 2519 573 2593 Hierosolymis
598 2521 765 2596 prodierant
791 2523 845 2578 cfr.
866 2537 955 2592 supra
982 2539 1011 2578 ν.
1030 2517 1060 2578 l.
1080 2521 1169 2579 item·
1276 2601 1278 2606 Α

99 2637 157 2694 que
177 2617 362 2682 Antioohiam
387 2628 530 2681 venerant
554 2623 633 2684 Aett.
649 2621 770 2701 15,1.)
796 2621 987 2681 temeritatem
1015 2624 1171 2681 11111111-

99 2727 159 2798 ret,
182 2739 310 2797 suaeque
329 2723 419 2796 ipsius
440 2723 588 2782 doetrinae
609 2725 645 2782 de
666 2723 799 2784 libertate
821 2723 928 2782 Christ
950 2725 1170 2785 eontradioeret.

99 2823 278 2899 Aegerrime
296 2825 388 2901 igitur
407 2823 483 2901 tulit,
502 2827 578 2899 quod
594 2825 711 2902 Petrus,
731 2827 780 2899 qni
800 2825 886 2883 etlam
905 2825 964 2884 hae
983 2826 1013 2884 in
1034 2842 1068 2885 re
1087 2841 1170 2886 sunm

100 2941 169 2983 enm
180 2927 273 2984 Paulo
293 2941 464 2986 eonsensum
479 2926 687 3000 Hierosolymis
706 2927 801 3000 palam
822 2931 852 2986 et
870 2927 998 3003 ingenue
1018 2929 1170 2988 desieras-

99 3029 160 3102 set,
185 3027 279 3084 subito
304 3025 362 3084 lam
383 3026 575 3104 Antioohiae,
601 3027 650 3086 ubi
674 3029 782 3088 Paulus
809 3028 929 3086 eandem
953 3032 1171 3102 persuasionem

99 3129 139 3186 de
169 3128 303 3184 libertate
330 3127 434 3187 Christ
460 3131 656 3206 praedicaret,
683 3131 857 3189 eontrarium
882 3132 1011 3207 faceret,
1045 3133 1081 3188 ad
1108 3149 1171 3191 earn

100 3228 239 3301 delapsus
259 3232 563 3310 aooommodattonem,
585 3247 658 3306 qnae
677 3231 782 3296 limites
802 3231 895 3289 iustos
911 3233 1171 3308 transgrederetur,

100 3333 168 3390 Nee
188 3333 278 3404 potuit
290 3331 379 3408 Petri,
401 3333 449 3407 qui
460 3334 574 3407 publius
594 3333 652 3391 hoo
672 3334 791 3410 egisset,
812 3331 1063 3406 reprehensionem
1084 3335 1171 3393 omit-

98 3435 163 3490 tere
182 3433 341 3507 pablioam,
369 3449 406 3491 ne
425 3435 592 3494 Judammus
614 3435 718 3494 Christ.
745 3431 839 3493 lotius'
852 3438 985 3507 serperet
1011 3435 1171 3511 multosque

100 3534 237 3592 Antiooh.
250 3533 400 3600 ¹intloeret.
448 3537 549 3595 Simile
579 3539 689 3595 facturn
721 3537 800 3595 Petri
832 3535 1024 3595 diversimode
1058 3539 1172 3610 quidem

99 3636 256 3694 indioatnm
279 3635 353 3711 (etr.
373 3637 499 3712 leoyope
518 3655 586 3699 meo
610 3643 644 3697 in
665 3641 755 3698 libros
782 3641 821 3698 N.
842 3640 1000 3698 11111111
1026 3638 1171 3718 1898.)

100 3737 223 3796 historia
252 3737 368 3797 exhibet
387 3741 561 3820 evangeliea
585 3742 696 3802 Matid-
718 3743 812 3800 126.
839 3741 939 3802 More.
967 3742 1068 3802 114.
1092 3743 1170 3802 late.

100 3856 127 3899 1.
143 3841 196 3898 22.
224 3841 274 3899 Jo.
297 3857 322 3900 e.
343 3843 396 3901 18.
443 3845 497 3901 iiis
524 3842 560 3902 de
586 3843 709 3916 reipsa
732 3843 910 3922 observatis,
935 3859 992 3902 non
1018 3848 1065 3902 est
1097 3845 1173 3918 quod

101 3939 183 3999 malti
203 3939 293 4001 morus
313 3942 341 4000 ln
362 3945 524 4004 refutandis
551 3943 724 4004 oonieetaris
744 3945 943 4022 interpretum,
971 3943 1019 4020 qul
1044 3947 1093 4004 vel
1116 3963 1172 4003 ne-

101 4043 254 4120 gaverint,
282 4045 456 4118 Apostolum
477 4048 593 4106 Petrum
614 4048 705 4104 foisse
736 4061 858 4120 quooum
878 4047 970 4107 Panlo
997 4049 1172 4106 controver-

100 4143 145 4202 sla
166 4150 244 4202 esset
263 4145 447 4206 Antiocheno
452 4189 462 4225 ,
492 4149 609 4222 eiusque
636 4149 702 4206 loeo
730 4148 818 4206 olium
845 4148 986 4222 quendam
1012 4149 1171 4208 substitue-

100 4246 159 4304 rint
178 4246 324 4330 Ceqham,
351 4265 437 4310 unuin
458 4265 494 4308 ex
515 4249 701 4327 septuaginta
720 4250 792 4308 Jesu
813 4249 959 4324 disoiprrlis
986 4247 1059 4328 (ofr.
1089 4251 1172 4310 Cle·
