2620 4826
241 399 398 514 nossem
418 401 461 468 ar
483 397 639 468 cnara.
661 394 780 469 c.1v.
807 396 851 470 ν.
868 399 900 466 ι.
921 395 958 470 a.
1053 400 1133 474 aer
1207 501 1210 508 ι

67 577 100 640 tn
120 577 248 640 bibliotlt.
268 574 426 638 aramma
445 577 482 636 al.
501 573 539 636 V.
549 591 582 652 p.
593 576 652 636 40.
671 587 735 654 sqq.
777 572 878 648 Polyc.
904 573 1041 650 boysen
1061 593 1136 654 ape-

68 682 167 742 eimen
188 681 443 755 ietmipmdontiue
462 679 553 736 Pauli
572 677 633 754 Ap.
654 678 757 753 quoad
774 691 839 736 rem
860 679 1028 763 tutelarem,
1048 681 1134 756 Ilipa.

69 785 169 842 1736.
191 783 227 840 4.
247 799 278 857 p.
299 781 357 838 34.
378 793 441 858 sqq.
484 779 574 838 lmmo
595 779 632 836 de
652 778 747 837 serris
767 778 951 839 nobilioribus
971 794 1066 839 sermo
1082 784 1137 858 est,

65 885 126 960 qui,
148 884 217 941 dum
237 882 343 940 domini
363 881 514 958 vivebant,
540 879 668 952 ipsorum
693 881 863 964 auctoritate
885 885 914 938 et
933 881 1066 941 mandato
1087 883 1136 942 vel

66 987 268 1044 educationem
295 984 433 1042 curabant
459 983 582 1040 filiorum
612 980 690 1058 (quo
716 996 804 1040 sensu
831 981 942 1040 dicebb.
969 982 1136 1062 παιδαγω-

64 1082 127 1166 γοί,
147 1087 196 1144 vd.
208 1085 305 1162 c.111,
324 1102 354 1142 v.
372 1082 451 1161 itt),
471 1084 521 1141 vel
540 1099 604 1143 rem
623 1081 819 1163 familiarem,
839 1085 1055 1158 patrimonium
1072 1084 1137 1159 filio

65 1189 251 1246 decanatum
284 1188 536 1246 aununmrobant
545 1225 559 1266 ,
597 1185 645 1242 vel
682 1185 795 1260 utrique
832 1184 949 1260 negotio
981 1187 1135 1247 vacabant.

63 1288 229 1346 Praeeunte
254 1305 344 1346 versu
368 1288 477 1364 primo,
503 1286 647 1350 notionem
667 1288 785 1346 bmedia
810 1289 841 1344 et
865 1282 1039 1347 hereditatis
1067 1293 1137 1376 tan-

63 1405 151 1466 quam
172 1391 335 1462 primariam
356 1389 517 1464 exhibente,
537 1403 595 1445 non
615 1387 787 1462 dubitamus,
805 1387 979 1458 Apostolum
999 1387 1028 1447 b.
1043 1389 1063 1447 l
1078 1406 1137 1464 po-

61 1491 206 1550 tissimum
228 1492 396 1568 degenere
422 1487 577 1565 posteriori
597 1481 777 1570 ἐπιτρόπων
806 1489 963 1564 cogitasse.
1010 1491 1137 1552 Proinde

7 1625 8 1630 κ
62 1593 293 1652 ethanovocem
305 1589 405 1668 ἔπιιρ.
421 1605 562 1662 usurpare
576 1590 685 1666 maluit,
705 1606 789 1662 quam
809 1589 888 1648 illam
912 1590 963 1666 (C.
973 1591 1044 1670 ΠΙ.)
1056 1613 1136 1653 παι.

63 1686 213 1770 duytoyde
232 1696 381 1764 repetere,
407 1694 437 1746 et
456 1690 548 1746 veluti
567 1705 629 1746 rem
649 1691 843 1760 explicaturus
864 1692 972 1749 addidit
992 1689 1059 1751 καὶ
1083 1693 1137 1756 oi-

62 1787 280 1872 κονόμους.
327 1793 392 1848 Ηοο
420 1789 495 1848 enim
526 1789 639 1847 nomme
664 1793 806 1848 venerunt
835 1789 857 1848 li
882 1807 1034 1852 servorum
1065 1799 1135 1854 vett.

63 1909 140 1969 qnos
160 1892 224 1950 lreri
245 1897 273 1952 et
300 1890 438 1950 famulitio
463 1890 514 1950 toti
539 1891 671 1967 regando
701 1893 731 1948 et
756 1890 869 1950 omnino
896 1893 941 1952 rel
961 1893 1137 1956 domesticae

65 1995 214 2054 curandae
234 1995 448 2067 praefecerant,
476 1991 554 2052 nno.
573 1993 631 2066 12,
652 1993 709 2050 42.
732 1994 795 2070 16,
816 1991 845 2049 1.
876 1994 973 2053 LXX.
998 1997 1028 2054 1.
1046 1999 1136 2074 Repy.

62 2099 107 2177 4,
117 2099 148 2155 6.
169 2097 324 2158 Plutarch.
346 2097 383 2152 de
403 2096 503 2152 tiberio
523 2095 609 2152 educ.
632 2092 709 2168 opp.
732 2093 767 2152 Τ.
784 2093 831 2152 ΙΙ.
858 2095 903 2153 ed.
924 2097 1034 2170 Bipont.
1060 2114 1088 2170 p.
1106 2095 1137 2156 1.

62 2199 205 2274 Xenoplu
218 2211 357 2255 memore.
377 2196 425 2269 ΙΙ,
438 2193 535 2270 1114
556 2194 707 2252 Eiusmodi
724 2189 903 2276 οἷκόνομον
923 2197 1037 2256 exhibet
1049 2199 1138 2256 illie-

61 2316 164 2362 serem
188 2297 329 2358 Abraami
349 2311 467 2354 servum
494 2295 615 2352 historia
633 2309 721 2354 sacra
749 2295 855 2355 tleaea
879 2296 935 2372 16,
962 2301 993 2356 2.
1014 2299 1063 2357 24
1068 2342 1081 2378 ,
1104 2299 1135 2358 1.

60 2417 132 2480 sqq.
172 2401 240 2460 Non
264 2399 351 2456 iidem
371 2399 487 2454 luerunt
515 2396 563 2470 qui
591 2393 796 2478 παιδαγωγοί
818 2385 988 2457 educatores
1013 2401 1137 2460 tiliorum
1182 2443 1184 2448 -

62 2505 137 2582 (vd.
157 2499 311 2562 Plutumb.
332 2500 351 2556 t
372 2497 434 2577 t),
455 2511 615 2571 quanquam
635 2499 749 2556 omnlno
770 2499 836 2575 tilii,
856 2499 933 2573 quod
953 2515 1018 2559 rem
1036 2517 1136 2576 pecu-

62 2607 201 2666 niariam
226 2602 374 2676 attinebat,
405 2601 442 2658 ab
471 2587 656 2674 οἰκονόμοις
683 2600 859 2676 pendebant,
884 2602 935 2662 vd.
962 2602 1052 2660 Diod.
1073 2605 1135 2662 Sia.

68 2710 108 2770 Τ.
121 2707 161 2764 X.
180 2722 211 2780 p.
224 2705 299 2764 15⁶.
320 2704 365 2760 ed.
386 2701 450 2772 Bip.
495 2697 556 2776 [lie
576 2699 628 2775 iis,
655 2699 703 2772 qui
728 2716 817 2758 sensu
843 2701 921 2758 civili
948 2702 1057 2761 dicebb.
1086 2700 1137 2763 ol-

65 2801 207 2886 κόνομοι
234 2804 354 2862 aerariis
379 2800 521 2874 praelecti
553 2804 605 2858 ant
630 2805 798 2874 quaestores
822 2801 852 2859 in
878 2803 1034 2875 provinciis
1063 2819 1137 2862 con-

65 2908 173 2984 stituti,
196 2905 226 2964 ln.
247 2906 267 2964 1.
293 2920 351 2964 non
380 2900 550 2980 cogitatum]
595 2901 650 2959 llis
676 2903 765 2978 igitur
789 2917 862 2976 puer
888 2904 1007 2962 subesse
1033 2905 1138 2964 dicitur

66 3002 173 3088 ἄχρι
200 3011 256 3066 etc.
280 3007 438 3082 usquead
458 2999 575 3078 tenipus
594 3009 723 3077 epatre
743 3001 915 3083 muitum,
936 3005 1028 3063 donec
1048 3023 1139 3079 prae-

68 3111 186 3172 terierit
207 3114 332 3182 tempus,
358 3120 413 3180 quo
435 3105 533 3178 elapso
554 3109 636 3178 pater
655 3105 743 3160 tilium
763 3105 809 3160 ius
829 3103 880 3161 tilii
900 3105 1013 3178 plenum
1027 3111 1138 3180 elper-

65 3215 181 3272 rectum
209 3221 352 3282 usurpare
383 3207 484 3264 voluit.
539 3207 781 3274 Quemadmodum
807 3197 961 3284 θεσμὸς
986 3206 1139 3286 significat,

67 3305 212 3390 quicquid
229 3312 284 3368 rite
306 3309 489 3366 constitutum
512 3312 570 3384 est,
595 3308 636 3364 ita
656 3299 883 3386 προθεσμία
912 3307 1002 3379 suppl.
1030 3299 1136 3388 ἡμέρα

68 3415 122 3492 (in
150 3413 188 3471 N.
209 3413 243 3470 F.
276 3397 368 3484 ἅπαξ
393 3401 580 3488 λεγόμενον,
609 3405 738 3486 prolenis
763 3405 943 3481 auctoribus,
968 3410 1137 3478 praesertim

65 3513 273 3588 Demostheni,
299 3511 451 3568 admodum
477 3510 640 3586 familiare]
672 3509 709 3565 da
734 3509 867 3582 tempore
893 3507 949 3565 dic.
970 3513 1137 3570 constituto.

66 3618 134 3676 vd.
154 3613 368 3688 Wesseling
389 3611 426 3670 ad
446 3613 537 3670 Diod
558 3613 620 3670 Sic.
642 3611 678 3669 Τ.
692 3609 740 3668 Π.
760 3609 879 3683 pido.
907 3609 1037 3669 Pollucis
1051 3611 1136 3670 Ono-

154 3757 161 3774 .
195 3759 201 3773 .
237 3732 293 3774 .c.
308 3717 338 3772 9.

68 3719 296 3890 erlimpli
321 3812 459 3888 propositi
484 3828 570 3870 usum
599 3809 671 3870 tacit
695 3809 855 3882 Apostolus
880 3811 918 3870 ad
942 3809 1137 3869 illustrandam

69 3921 260 3982 mutationem
280 3905 438 3992 ingentem,
460 3931 516 3988 qua
536 3913 675 3988 homines,
695 3913 761 3970 olim
778 3909 883 3970 iudaei
902 3915 930 3970 et
943 3911 1065 3988 Pagani,
1085 3928 1138 3986 per

67 4026 176 4084 iesum
203 4021 349 4080 Christum
374 4019 404 4076 in
431 4015 621 4074 conditionem
645 4013 733 4092 longe
758 4011 995 4085 praestantiorem
1015 4011 1137 4074 riorum

68 4124 130 4185 Del
150 4123 323 4180 transierint.

160 4217 205 4289 V.
228 4207 346 4284 3—7.
396 4205 508 4292 Οὕτως
523 4207 584 4318 ’κοιὶ
606 4205 712 4300 ἡμεῖς,
742 4203 796 4277 ὅτι
825 4195 910 4298 ἦμεν
930 4203 1051 4292 νήπιοι,
1073 4205 1139 4280 ὑπὸ

882 4291 930 4361 31
