2724 4826
73 469 75 475 s
169 385 246 458 132
289 384 397 474 Epist
418 381 447 453 1.
469 383 514 451 ad
534 380 707 450 Thessali.
733 381 913 498 G.1V·.V·
940 379 1111 451 15w18.

168 559 272 624 ceteris
292 559 421 623 omnibus
441 557 618 620 ridebantur.
659 557 784 618 Proinde
803 556 834 618 in
853 555 899 636 lis,
919 549 993 634 qua'e
1012 571 1090 632 seqq.
1110 557 1142 616 id
1161 575 1231 618 ma-

166 669 243 724 xime
263 669 396 740 urgetur,
422 678 524 722 ornnea
545 661 659 722 christo
679 663 811 719 addictos
830 664 921 720 enati
944 663 983 719 ad
1008 677 1073 718 eum
1099 677 1232 739 perven-

167 771 254 825 turos.
296 767 335 822 V.
356 764 406 820 16.
427 762 530 838 (quem
556 781 585 820 v.
605 764 759 836 separatim
778 765 912 820 tractarit
937 763 971 820 F.
991 763 1105 821 Flattr
1134 779 1231 838 opua-
1351 815 1352 842 ,

168 871 236 928 crito
256 870 446 942 condendae,
467 867 532 924 coll.
552 867 586 922 li.
608 865 785 938 Stisklnd,
812 865 883 922 'iub
902 863 995 922 1826.
1014 881 1043 936 p.
1054 863 1127 923 411.
1149 866 1230 941 sqq.)
1351 851 1352 860 ’

158 963 245 1032 ’Ότι
272 960 396 1033 αὐτὰς
423 957 441 1025 ὅ
471 961 685 1046 reciprocato.
727 965 871 1024 Christum
891 963 1063 1040 rediturum,
1090 971 1231 1024 mortem-
1351 997 1352 1056 q

165 1087 221 1146 qne
242 1065 395 1146 [ἔσχατον
423 1062 558 1147 ἔὶθρον,
584 1066 864 1144 I.Gorr.15,26·)
884 1083 1003 1140 prorsus
1024 1068 1231 1126 debellaturum
1351 1127 1352 1132 ,

165 1173 282 1229 mortuis
314 1169 486 1227 suscitandis
512 1171 696 1242 omnibusque
728 1171 765 1224 ad
790 1169 879 1226 vitam
907 1174 1052 1226 aeternam
1081 1167 1232 1242 ducendis,
1351 1219 1352 1252 3

165 1275 254 1332 veluti
273 1271 440 1345 principem,
459 1285 580 1345 regnum
597 1285 679 1327 suum
692 1274 801 1326 armata
820 1287 904 1327 manu
924 1275 1120 1344 occupantem,
1138 1286 1230 1327 suae-

165 1389 220 1448 que
244 1373 376 1446 potestati
409 1373 592 1429 adversarios
627 1383 725 1428 omnes
751 1371 947 1429 subiicientem
975 1371 1111 1430 describit
1137 1372 1230 1430 oratio
1351 1371 1352 1436 ζ

164 1473 313 1548 Apostoli,
340 1474 403 1544 ipsa
424 1473 563 1530 brevitate
583 1475 612 1529 et
631 1471 811 1544 simplicitate
830 1473 868 1528 ad
888 1473 1087 1529 sublimitatem
1108 1487 1229 1545 compo-

165 1576 229 1632 sita.
275 1577 484 1634 Dercenroraa
509 1575 614 1648 quippe
640 1573 763 1632 eooldus
783 1573 887 1631 dicitur
914 1570 955 1632 ἐν
980 1570 1229 1652 κελεύσματι,

166 1694 234 1736 com
255 1677 402 1752 (proprier
424 1677 593 1752 instructus,
614 1675 662 1732 vd.
683 1675 720 1731 ad
742 1690 768 1730 c.
786 1673 816 1730 1.
842 1689 871 1732 r.
885 1671 933 1751 ὅ.)
956 1677 1085 1732 elbam
1105 1677 1228 1733 cecita-

164 1781 259 1855 torio,
280 1778 299 1834 i.
321 1793 347 1834 e.
368 1777 506 1834 eiusmodi
525 1791 599 1834 voce
618 1777 706 1850 longe
725 1776 836 1848 lateque
856 1777 1036 1850 personante,
1056 1791 1130 1848 quae
1150 1775 1228 1847 apud

163 1883 231 1936 vett.
250 1880 281 1935 ln
302 1892 355 1936 usu
375 1879 446 1953 ruit,
466 1877 515 1936 ubl
535 1880 653 1954 mbbeq
675 1881 706 1934 ut
728 1877 928 1952 convenirent,
948 1881 1043 1934 casua
1063 1876 1230 1952 deiicereut,

164 1981 291 2038 collectis
312 1979 440 2038 omnibus
460 1981 514 2036 iter
534 1979 727 2054 susciperent,
747 1980 786 2036 ad
805 1992 931 2053 pugnam
951 1983 1154 2054 properarent,
1174 1995 1228 2050 per

162 2083 264 2140 ducem
285 2082 496 2157 excitabantur,
521 2081 570 2137 rel
589 2096 622 2138 se
646 2081 703 2151 ipsi
722 2084 818 2138 mutuo
838 2081 1012 2156 excitabant,
1041 2081 1175 2158 dbeacyd
1191 2083 1226 2157 2,

161 2186 215 2242 92.
236 2185 362 2260 Dionys.
376 2185 474 2243 Helie.
490 2185 602 2258 antiqq.
624 2185 643 2240 t
655 2185 702 2242 Π.
720 2183 825 2262 pes„
846 2197 1002 2256 quanquam
1022 2180 1095 2240 ael.
1117 2172 1227 2256 (ἅπαξ

162 2276 334 2365 λεγόμενον
352 2284 383 2342 in
403 2285 441 2342 N.
461 2285 514 2360 F.)
542 2285 627 2342 etiam
648 2285 684 2342 do
704 2286 768 2342 aliis
788 2284 927 2341 eiusmodi
944 2285 1065 2340 vocibus
1086 2283 1225 2341 exhorta-

161 2385 243 2444 toriis
272 2389 437 2457 usurpatum
471 2388 529 2460 est,
556 2395 585 2441 r.
612 2399 638 2441 c.
666 2383 702 2442 de
727 2385 891 2443 incitatione
917 2389 1066 2442 naumrum
1091 2385 1130 2442 ad
1161 2400 1224 2443 rem

161 2501 242 2544 suam
262 2489 377 2544 strenue
402 2486 559 2560 agendam,
586 2487 715 2544 Dorion.
739 2487 810 2564 Tyr.
831 2503 857 2546 c.
876 2489 927 2545 19.
974 2486 1068 2553 ouum
1087 2487 1174 2562 signa
1192 2486 1224 2544 iu

163 2587 291 2646 exercitu
317 2590 439 2643 atroce
458 2586 581 2644 humana
601 2590 631 2644 et
650 2585 743 2644 sonitu
762 2589 847 2644 tubae
874 2587 1044 2662 ederentur,
1065 2587 1137 2651 illud
1163 2605 1221 2646 aa·

163 2682 314 2766 λεύσματι
335 2687 454 2758 amplius
474 2689 631 2760 explicatur
651 2689 717 2746 vbb.
738 2684 778 2748 ἓν
799 2687 913 2772 φωνῇ
935 2693 990 2746 etc.
1031 2689 1079 2746 lix
1098 2703 1155 2746 usu
1173 2689 1222 2746 lo-

161 2789 266 2861 quendi
284 2788 459 2846 iudaeorum
480 2789 630 2865 seriorum,
650 2791 698 2863 qul
716 2793 843 2862 tempore
860 2791 973 2848 exilium
992 2789 1142 2863 insequuto
1163 2805 1222 2866 ge-

160 2890 270 2946 niorum
292 2890 456 2948 coelestium
476 2890 590 2948 ordines
610 2892 707 2950 varios
733 2895 763 2948 et
782 2891 891 2948 clusses
912 2893 1139 2966 distinguebant,
1165 2909 1222 2949 an-

160 2991 220 3065 geli
246 2991 293 3047 his
319 2989 441 3066 singulis
468 2992 615 3050 ordinibus
644 2993 783 3064 praetecti
811 2985 1063 3068 ἅρχάγγελοι
1089 2994 1222 3065 appella-

160 3093 277 3168 bantur,
304 3093 384 3151 hebr.
412 3097 497 3168 niqrp.
543 3094 637 3151 Multa
664 3097 701 3152 de
733 3094 769 3151 iis
794 3092 899 3150 habent
923 3093 1060 3150 vaticinia
1085 3095 1222 3152 Danielis

160 3209 234 3250 mc.
258 3194 751 3273 9,21.10,5.13.21.12,1.
787 3195 836 3252 ubi
867 3194 1006 3252 Michaell
1042 3197 1220 3266 potissimum

158 3292 305 3372 (Aperui.
324 3295 385 3372 13,
404 3298 436 3352 1.
453 3295 558 3372 sqq),
583 3296 688 3371 angelo
715 3295 828 3353 tutelari
853 3295 947 3370 gentis
972 3295 1127 3372 iudaicae,
1155 3311 1219 3354 cum

157 3396 253 3470 geniis
279 3396 444 3453 tutelaribus
470 3397 589 3454 aliarum
616 3397 744 3472 gendum
777 3396 937 3472 dlmicanti,
963 3397 1090 3472 dignitas
1116 3399 1219 3456 eximia

157 3496 327 3554 vindicatur.
370 3497 430 3556 Cir.
451 3497 552 3556 Jodne
572 3514 617 3572 cp.
645 3515 673 3555 o.
692 3503 722 3556 9.
743 3499 817 3556 liber
836 3499 971 3558 Henocbi
990 3513 1019 3570 p.
1034 3497 1107 3555 18⁷.
1149 3500 1218 3556 An·-
1335 3563 1338 3568 Δ

157 3597 232 3671 geli,
253 3597 351 3669 quiin
371 3598 442 3670 ipsis
462 3599 638 3656 sermonibus
659 3597 781 3674 christi,
807 3601 917 3658 Mattio
936 3599 990 3677 13,
1009 3599 1142 3678 41.1o,
1161 3603 1217 3662 27.

155 3698 335 3776 24,30.εᾳ.
355 3700 411 3774 25,
425 3701 477 3757 31.
498 3703 596 3760 Marc.
605 3701 640 3779 8,
649 3701 701 3758 38.
715 3702 769 3778 13,
779 3703 832 3760 2⁶.
843 3716 886 3774 aq.
907 3702 983 3760 Iac.
995 3703 1104 3783 9,26.,
1130 3701 1218 3761 Mes-

156 3797 229 3854 slam
248 3797 413 3854 sollenniter
433 3799 597 3857 redeuntem
618 3801 776 3858 comitaturi
802 3803 948 3876 dicuntur,
974 3807 1005 3860 ut
1025 3803 1113 3862 iudici
1133 3819 1217 3861 sum-

156 3913 203 3956 mo
222 3898 396 3973 inserviant,
413 3899 444 3956 in
464 3899 521 3957 hoo
541 3915 672 3958 sermone
691 3901 809 3959 Paulino
838 3905 937 3960 turmis
957 3903 1076 3962 militum
1097 3919 1217 3976 compa-

154 4001 270 4072 rantur3
299 3993 499 4080 ἀρχάγγελος
519 4000 586 4057 duci
606 4017 715 4059 summo
734 4003 820 4059 totius
839 4005 981 4062 exercitus
1010 4003 1120 4080 (nque
1140 4007 1216 4065 enim

154 4100 221 4156 usui
240 4099 383 4175 loquendi,
401 4115 456 4159 nec
476 4102 563 4158 indoli
583 4105 611 4159 et
631 4107 750 4160 naturae
769 4105 854 4161 huius
875 4105 1073 4177 descriptionis
1094 4121 1215 4163 accom-

155 4200 267 4260 modata
287 4204 332 4260 est
351 4215 449 4262 eorum
468 4201 676 4282 interpretatio,
696 4206 745 4278 qui
764 4208 812 4266 rel
831 4208 932 4266 desum
953 4207 1098 4268 obruam
1119 4221 1215 4285 ange-
