2596 4838
229 435 385 524 Epistola
407 437 451 504 ad
474 435 628 507 (inlotus.
652 437 690 510 C.
707 438 767 510 l'l.
789 439 832 511 ll.
850 437 1022 511 lli-18.
1087 435 1164 510 611

1 595 10 609 ”
95 611 225 692 iungitur
253 629 320 671 eum
347 607 486 698 εἰρήνῃ
514 613 651 696 sedule,
678 617 706 676 1.
726 607 826 676 ΤΙιοοο.
847 619 879 697 1,
899 619 928 676 1.
963 615 1030 678 uel.
1046 603 1080 694 1,
1092 614 1166 694 o),

96 719 153 776 err.
180 717 314 776 adulatio
340 731 386 787 op.
412 717 515 773 Iudae
546 733 574 774 v.
590 716 619 774 2.
651 719 721 776 alibi
753 734 818 776 eum
849 715 959 800 εἲρήιῃ
992 722 1020 776 et
1050 712 1166 793 χάριτι

100 821 124 879 r.
144 821 219 904 nem.
238 819 271 898 1,
287 819 319 876 ι.
353 818 401 876 rr.
418 819 492 875 um.
512 819 544 897 1,
562 822 593 878 ι.
631 820 688 878 uo.
707 820 740 899 1,
754 823 791 880 4.
819 823 867 882 rr.
881 823 931 879 ιο.
957 836 985 877 e.
1005 822 1036 878 e.
1076 814 1167 876 ’nul

4 903 9 938 ²
98 921 188 980 veluti
214 921 251 978 de
279 923 357 977 motu
376 913 422 976 'od
443 919 540 977 looum
566 935 590 977 s.
622 936 741 992 scopum
768 923 907 995 quendam
933 921 989 978 dio.
1020 922 1048 979 Ι.
1067 920 1168 979 ΤΙιοοσ.

101 1023 201 1102 2,16.
224 1036 281 1095 quo
301 1037 389 1078 sensu
409 1019 490 1077 hebr.
511 1016 551 1092 ὀἳ
573 1020 603 1078 lu
624 1023 755 1080 formulis
775 1025 871 1080 fauste
892 1021 1117 1094 promittentibus
1139 1023 1168 1077 et

98 1125 256 1197 optantibus
287 1137 316 1180 v.
340 1137 366 1178 ο.
393 1123 445 1182 Pe.
461 1123 537 1200 125,
558 1139 585 1179 e.
600 1127 630 1181 3.
651 1120 824 1216 ‘sogpor-bij·
867 1126 953 1181 llune
978 1123 1074 1190 loelnn
1101 1125 1169 1180 ente

1 1226 3 1231 ’
99 1227 198 1284 oeulos
218 1224 354 1282 lroboisse
375 1225 490 1282 videtur
510 1225 615 1294 Apost.
634 1223 668 1283 lu
688 1225 725 1281 iis
745 1241 820 1298 quoe
840 1237 919 1298 seqq.
941 1219 1011 1283 καὶ
1031 1219 1092 1284 ἐπὶ
1113 1228 1168 1281 ete.

97 1325 290 1384 diversimode
321 1325 480 1384 intellectis.
533 1324 637 1383 Plures
672 1325 775 1398 quippe
807 1324 888 1402 (etr.
923 1327 1168 1400 Beumgorten

1 1414 8 1450 ³
101 1428 235 1485 llolten
256 1427 400 1502 Borger
418 1425 676 1486 ibosenmtlller
704 1426 833 1485 Wlner
859 1426 1010 1504 Paulus)
1039 1429 1169 1485 referunt

1 1541 2 1552 ¹
100 1531 174 1586 lreeo
194 1529 232 1586 od
252 1529 385 1606 singulos
406 1542 504 1585 omnes
527 1526 642 1586 Christo
668 1543 739 1586 vere
764 1528 912 1604 addictos,
936 1529 974 1586 nd
995 1527 1112 1587 eosdem
1133 1526 1170 1583 de

1 1710 2 1716 ἵ
101 1630 205 1702 quibus
224 1633 309 1688 antee
329 1629 476 1688 dicebatur
498 1623 726 1706 στοιχήσουσιν
747 1622 848 1707 τούτῳ
876 1630 920 1701 τῷ
946 1623 1085 1706 κανόνι,
1111 1642 1170 1686 vo-

103 1707 188 1788 eulne'
211 1727 276 1789 καὶ
302 1729 361 1789 vlm
386 1729 544 1788 tribuentes
569 1727 730 1802 explicandi
750 1718 774 1786 e.
796 1729 967 1788 deliniendi:
998 1732 1031 1789 id
1051 1736 1096 1789 eet
1115 1730 1171 1788 io-

101 1833 215 1890 rueb‘lie
240 1833 307 1890 Deo
327 1833 508 1891 ommeeretle
533 1847 557 1887 s.
578 1833 689 1905 quippe
709 1834 762 1906 qul
789 1847 858 1890 uere
876 1833 1029 1907 pertinent
1049 1835 1092 1912 od
1110 1845 1171 1906 po-

100 1935 207 2004 rmlum
237 1929 344 2009 [genlt
365 1933 422 1994 τοῦ
445 1931 525 1991 θεοῦ
552 1931 602 1988 vel
628 1934 730 1990 eodem
751 1949 839 1991 seusu
866 1933 922 1991 dio.
947 1947 1003 2008 quo
1026 1931 1058 1990 ln
1087 1933 1172 1990 torm

102 2027 276 2112 ἅνθρωπος
304 2033 382 2096 deod
407 2035 438 2096 I.
453 2033 529 2092 Tim.
543 2033 581 2112 ο,
603 2031 656 2091 11.
681 2032 730 2091 vel
755 2034 797 2093 lte
830 2039 861 2092 ut
881 2037 1034 2106 leuotorem
1060 2031 1172 2091 innuet:
1225 2107 1236 2124 ἱ

103 2137 207 2208 οοοιιΙο
234 2149 320 2209 quem
346 2135 425 2194 uem
444 2132 535 2192 veluti
559 2133 704 2207 peoullum
730 2151 815 2194 suum
834 2135 972 2210 reddidit,
998 2137 1054 2193 err.
1080 2127 1172 2204 ediq-

102 2232 234 2316 peplum
268 2225 324 2295 τοῦ
352 2229 477 2313 καιρὰς
507 2237 616 2296 Mallio.
635 2239 696 2314 25,
712 2237 771 2297 34.
801 2237 929 2296 vieisslm
956 2239 1037 2296 lleus
1068 2236 1172 2308 uppell.

104 2331 180 2402 θεὰς
202 2329 341 2414 Ἰσραὴλ
368 2338 478 2397 Mutlb
499 2339 554 2417 16,
571 2337 624 2396 31.
659 2339 736 2398 leue.
756 2339 794 2418 1,
813 2335 898 2418 63].
949 2337 1038 2396 lleud
1064 2339 1173 2396 temere

104 2439 217 2511 'quidem
243 2438 374 2510 interprr.
402 2439 444 2496 illi
474 2437 504 2498 in
531 2438 670 2496 auxillum
699 2443 805 2496 vocent
835 2440 930 2499 locum
956 2441 1073 2498 Romm.
1090 2441 1124 2518 9,
1139 2439 1172 2496 d.

113 2539 150 2598 rbl
181 2538 341 2610 Apostolus
367 2539 499 2598 alludens
525 2539 564 2598 ed
598 2539 836 2616 significationem
861 2539 1027 2615 religiosum
1053 2539 1175 2599 nominis

105 2633 244 2716 Ἰσραὴλ
265 2643 359 2711 etymo
380 2641 520 2700 adnexum
541 2639 671 2719 some.
683 2645 739 2719 32,
753 2645 805 2700 28.
826 2641 976 2722 35,1o.)
998 2656 1055 2700 non
1076 2656 1175 2700 omnes

103 2741 152 2815 qui
180 2741 216 2798 eb
242 2741 411 2817 Abreomo,
440 2743 518 2815 quod
545 2757 661 2802 earnem
694 2743 806 2819 attinet,
838 2745 956 2817 stirpem
984 2743 1093 2804 duoeut
1121 2758 1174 2816 pro

107 2841 243 2902 isreelids
268 2842 334 2900 veri
359 2841 481 2902 mominis
509 2843 576 2921 (qui
603 2861 674 2902 vere
701 2845 862 2919 pertineant
887 2845 925 2903 od
951 2831 1088 2919 populum
1112 2843 1175 2903 ileo
1249 2831 1254 2842 ⁸

104 2944 271 3022 probatum)
297 2942 445 3003 habendos
465 2959 532 3003 esse
551 2946 712 3020 profitetur,
737 2948 792 3004 eir.
819 2946 1108 3025 utamurque.
1130 2959 1175 3018 ep.

104 3051 202 3107 nostro
220 3045 275 3123 111,
295 3044 345 3104 11.
367 3063 427 3120 sqq.
448 3047 504 3122 IV,
523 3045 574 3104 21.
592 3061 654 3121 sqq.
695 3045 799 3121 Neque
826 3046 996 3123 negaverim
1016 3060 1083 3103 voe.
1108 3041 1176 3103 καὶ

106 3151 271 3217 potestatem
291 3147 454 3221 explicandi
475 3147 552 3222 opud
572 3148 865 3225 proreuoslrebuisse,
885 3148 1086 3223 praeeuntibus
1103 3145 1176 3205 loeis

109 3246 317 3308 urltzseoio
337 3249 436 3308 loudd.
457 3252 495 3308 od
515 3251 627 3310 Mutilo.
637 3249 669 3327 1,
682 3250 743 3310 24.
762 3268 794 3325 p.
807 3252 859 3309 62.
901 3251 949 3308 lix
969 3249 1085 3322 seriptis
1104 3263 1176 3306 vero

108 3349 234 3409 Peuliuis
254 3367 337 3409 nemo
357 3351 453 3412 adnue
473 3351 570 3410 looum
597 3349 734 3408 exeituvit
758 3354 855 3408 nostro
875 3351 934 3412 huo
952 3349 983 3409 in
1002 3367 1037 3408 re
1057 3363 1176 3422 prorsus

107 3452 234 3511 similem.
282 3453 358 3512 Illud
383 3455 458 3511 enim
487 3443 566 3516 θεὰς
591 3446 646 3510 καὶ
673 3443 798 3528 manriq:
845 3453 925 3509 lleus
957 3451 1005 3525 qui
1030 3451 1108 3510 idern
1134 3455 1198 3592 es&

107 3558 202 3631 peter,
227 3554 256 3616 l.
276 3557 362 3615 Gerr.
381 3557 436 3634 15,
453 3555 511 3614 24.
539 3551 636 3629 upon
647 3549 687 3630 4,
702 3553 733 3610 d.
747 3557 781 3632 5,
793 3556 846 3613 20.
876 3555 942 3616 Uol„
958 3555 991 3633 3,
1010 3555 1062 3614 17.
1090 3567 1177 3628 quum

111 3648 234 3734 πατὴρ,
262 3641 367 3714 omisso
388 3657 523 3733 articulo,
549 3655 724 3715 substantivo
752 3647 830 3718 dedo
855 3668 907 3726 per
931 3669 998 3714 eoo.
1024 3651 1078 3713 καὶ
1105 3667 1177 3727 pro-

108 3758 184 3816 xime
203 3757 390 3834 adiungetur,
410 3759 504 3817 differt
529 3758 642 3818 omnino
669 3756 707 3814 eb
732 3755 794 3838 boe
821 3756 954 3829 loquendi
981 3771 1092 3832 genere
1119 3749 1174 3814 ἐπ’

108 3851 230 3924 adroic
255 3855 311 3918 καὶ
336 3855 389 3919 ἰοὶ
419 3851 477 3920 ede
498 3853 640 3936 Ἰσραὴλ
662 3861 719 3920 ele.
769 3856 897 3916 lleeilior
920 3861 980 3934 est,
1006 3857 1082 3932 quod
1109 3869 1176 3916 voe.

113 3955 167 4019 καὶ
195 3959 306 4035 attinet,
339 3959 476 4033 Koppil
501 3958 711 4036 interpretatio,
740 3959 790 4034 qui
814 3957 909 4032 prium
936 3950 1010 4018 ὅσοι
1041 3955 1087 4032 τῷ
1114 3976 1178 4017 κα-

111 4055 182 4121 νόνι
203 4065 258 4119 eto.
284 4061 323 4120 ed
345 4061 462 4119 uersus
480 4062 657 4134 potissimum
678 4059 823 4133 pertinere
851 4059 1006 4138 existimet,
1026 4059 1178 4133 posterius

107 4157 161 4220 καὶ
182 4159 235 4223 ἐπὶ
254 4157 315 4223 edo
335 4167 391 4222 eto.
417 4163 454 4221 od
475 4168 589 4223 eeteros
609 4179 708 4222 omnes
729 4163 853 4220 omnium
869 4159 999 4220 looorum
1020 4161 1070 4236 qui
1089 4159 1178 4220 Chri-
1205 4198 1214 4214 .

118 4270 153 4324 to
179 4279 251 4323 vere
271 4265 328 4326 sint
354 4265 468 4325 addicti.
518 4263 621 4330 Malim
648 4267 742 4326 umen
771 4265 863 4342 (quod
890 4264 1053 4325 Amores.
1082 4263 1180 4324 Bene

877 4359 977 4427 39*
