2744 4824
161 331 241 407 m
537 332 855 425 Prolegomeua.

161 523 227 596 quo
248 504 383 576 facilius
403 503 512 576 Paulo
533 505 718 594 potiretur3
740 503 900 596 additque
919 525 961 590 v.
981 501 1045 574 83.
1072 501 1239 576 brevissi·

161 630 252 676 mam
272 607 392 695 fugae,
421 629 487 698 qua
506 607 652 695 Paulus,
680 606 855 695 discipulis
881 605 946 696 ipsi
973 607 1007 676 in
1028 607 1094 674 hoo
1113 605 1238 674 discri-

162 708 253 777 mine
273 729 403 778 summo
424 730 521 796 opem
541 708 747 792 ferentibus,
766 708 870 776 saluti
897 732 982 778 suae
1009 706 1240 795 prospexerit,

162 809 402 878 narrationem.
463 810 532 879 Hic
565 812 692 880 Aretes
729 810 881 879 Arabiae
916 831 982 879 rex
1013 809 1237 886 Damascum,

162 916 235 979 tum
255 912 418 1000 temporis
438 912 666 980 Romanorum
687 912 828 997 imperio
849 921 1042 999 parentem,
1061 911 1152 978 hand
1174 911 1240 978 dn·

162 1010 219 1080 bie
244 1034 314 1080 non
334 1016 442 1104 prim
469 1015 666 1102 occupavit,
695 1037 794 1103 quam
817 1013 979 1081 Tiberius
1001 1014 1131 1081 Gaesar
1164 1011 1240 1079 He·

163 1113 240 1182 rodi
265 1116 440 1202 Agrippae
474 1139 550 1184 cum
577 1115 688 1185 Arete
714 1116 885 1185 dimicanti
912 1115 1074 1183 auxilium
1101 1113 1240 1181 laturus
1344 1119 1345 1138 ¹

163 1213 290 1284 bellum
324 1225 443 1285 contra
469 1219 611 1286 Aretam
640 1226 833 1305 paraverat.
889 1217 988 1294 auor
1018 1215 1119 1303 paulo
1154 1223 1239 1283 ante

166 1309 292 1384 obitum
315 1317 448 1385 Tiberii
476 1341 507 1385 a.
524 1318 588 1388 37.
617 1327 695 1406 post
716 1319 755 1390 Ο.
777 1321 820 1390 Ν.
842 1319 964 1386 mortui
992 1318 1159 1386 accidisse
1185 1315 1240 1384 hi·

165 1420 274 1486 storia
296 1421 406 1487 docet.
447 1419 620 1512 Joseplan
639 1433 725 1490 cestu
747 1420 860 1488 Judd.
882 1417 986 1487 118.
1009 1441 1040 1487 e.
1055 1415 1091 1486 ὅ.
1106 1417 1241 1507 513.

167 1520 222 1590 cd.
235 1519 415 1590 Oborthiir.
439 1521 616 1600 Quamdiu
625 1544 708 1594 vero
721 1522 846 1592 Aretes
855 1522 1062 1589 Damascum
1077 1521 1240 1606 tenuerit,

166 1643 265 1691 nemo
283 1623 486 1707 scriptorum
506 1632 658 1696 veterum
674 1625 883 1713 iudicavit5).
917 1623 1065 1690 Proinde
1083 1622 1241 1711 quamvis

167 1722 233 1790 hoc
248 1723 406 1790 iudicium
420 1747 519 1813 anno,
537 1747 601 1816 quo
616 1725 744 1795 Paulus
755 1729 797 1793 ad
811 1749 913 1794 sacra
925 1725 1088 1793 transiret
1095 1724 1240 1792 Christi·
1317 1725 1318 1732 '

169 1846 245 1907 ana,
272 1821 467 1893 accuratius
489 1827 721 1895 constituendo
733 1849 851 1915 parum
874 1828 1045 1911 inserviat,
1062 1828 1241 1898 verissime

168 1935 281 1996 tamen
297 1927 400 1995 etiam
421 1927 486 1994 hoo
506 1929 698 1996 testimonio
717 1930 771 1996 usi
791 1933 1033 2008 contendimus,
1050 1950 1239 2019 nonnosus

171 2029 426 2097 couversionem
445 2030 544 2098 Pauli
570 2033 614 2098 ad
635 2053 758 2098 annum
777 2028 833 2099 vel
859 2030 922 2098 33.
942 2031 996 2100 vei
1018 2029 1081 2099 34.
1104 2031 1240 2102 referri.

170 2129 230 2199 Sic
252 2131 339 2198 cuim
361 2130 490 2200 Paulus
504 2133 675 2201 Damasco
698 2132 900 2201 discessisse
923 2133 1164 2200 existimandus
1186 2155 1240 2200 es-

169 2239 236 2320 set,
257 2233 454 2322 priusquam
474 2236 600 2302 Aretes
622 2235 711 2301 hauc
735 2234 851 2302 urbem
875 2243 1023 2320 ωροτε-1.
1066 2234 1241 2302 Potiorem

169 2336 286 2426 utique
312 2335 378 2402 vim
409 2337 453 2401 ad
482 2335 709 2426 quaestionem
736 2345 887 2403 nostram
914 2335 1158 2424 expediendam
1180 2336 1240 2403 ha-

169 2440 273 2519 bent,
296 2457 382 2526 quae
394 2436 519 2504 -Lucas
541 2436 633 2505 Actt.
652 2438 715 2524 11,
731 2436 795 2505 2⁷.
810 2461 883 2527 sqq.
907 2438 1073 2524 exposuit.
1116 2437 1241 2505 Altera
1344 2475 1345 2496 ι

169 2541 247 2611 vice
268 2539 396 2608 Paulus
426 2561 500 2606 cum
522 2538 683 2607 Bernaba
703 2536 957 2622 Hierosolymas
986 2561 1026 2607 se
1056 2539 1240 2608 contulisse

169 2643 295 2730 legitur
323 2641 415 2710 Actt·
439 2639 501 2729 11,
523 2639 605 2730 30„
633 2648 671 2707 ut
698 2639 869 2709 beneficiis
902 2641 1118 2729 deportandis
1144 2664 1242 2731 opem

170 2745 278 2814 ferret
300 2742 503 2810 Christianis
525 2742 559 2808 iu
580 2743 717 2812 Juriaea
744 2742 957 2812 versantibus
987 2765 1120 2811 annona
1146 2766 1242 2833 pres·
1318 2736 1320 2744 ⁴

171 2847 232 2914 sis.
276 2845 385 2920 Quam
408 2867 571 2912 annonam
594 2845 784 2932 famemque
811 2845 889 2912 iude
917 2851 1069 2913 exortam
1097 2844 1160 2912 sub
1181 2845 1241 2912 im-

170 2946 266 3038 perio
298 2945 443 3016 Claudii
457 2945 556 3013 Gaas.
577 2943 920 3034 (Actt.11,28.)in
941 2945 1172 3015 Palaestinam
1194 2947 1241 3014 io·

171 3050 320 3127 vasisse,
344 3048 391 3116 ita
412 3056 450 3115 ut
471 3047 533 3114 sub
555 3049 830 3136 procuratoribus
855 3047 979 3139 Ouspco
997 3049 1099 3118 cho
1121 3055 1156 3115 et
1180 3051 1241 3117 Τι’-

172 3151 270 3218 derio
297 3150 506 3220 Alexandro
545 3171 567 3216 a
594 3150 735 3217 Claudio
767 3150 800 3217 in
833 3149 1001 3217 ,iudaeam
1035 3151 1241 3240 provinciam

173 3253 287 3322 missis
314 3252 759 3348 maximeingrovescerot,
783 3250 956 3342 Joreplrm
977 3261 1122 3321 testatur
1150 3259 1242 3322 crsu'-

172 3359 267 3446 quite.
286 3354 398 3422 chd.
421 3352 443 3419 l.
458 3350 523 3419 20.
547 3376 576 3423 e.
597 3353 634 3440 2,
656 3355 691 3442 ς.
712 3352 748 3420 ὅ.
771 3377 802 3422 c.
816 3352 854 3441 n,
876 3355 912 3442 5.
926 3353 962 3422 11.
986 3357 1039 3422 ed.
1063 3353 1241 3424 Dberthiir.

174 3457 302 3527 Fmseb.
324 3456 401 3523 lazet.
424 3455 539 3522 eccles.
555 3453 593 3543 Β,
607 3453 644 3523 8.
663 3456 724 3524 11.
741 3453 802 3524 111.
835 3456 972 3524 Gertum
996 3464 1061 3542 est,
1083 3457 1242 3545 Caspium

173 3559 305 3627 Fadum
327 3556 588 3624 Procuratorem
610 3579 675 3625 nou
698 3565 777 3658 ante
798 3565 941 3627 mortem
961 3558 1108 3628 Herodis
1121 3559 1241 3650 Agrip·

175 3659 278 3751 peel.
298 3657 506 3726 ,iudaeorum
520 3659 613 3746 regis
626 3658 800 3746 (aun044.
823 3659 1015 3729 Caesareae
1031 3660 1112 3728 fatis
1124 3660 1243 3750 functi)

33 3816 42 3841 ,
175 3760 384 3854 provinciam
406 3782 500 3828 suam
523 3761 659 3831 adiisse.
669 3761 810 3854 Joreplr.
830 3776 914 3832 unta
927 3763 1073 3832 Junci.
1086 3759 1147 3830 19.
1163 3760 1241 3851 (5.9,

192 4003 195 4010 ¹
246 3936 277 3995 a)
295 3931 590 4000 neocosmum:
611 3933 692 4009 βίω.
708 3937 741 3986 tn
757 3934 811 3988 das
828 3933 864 3990 N.
883 3935 913 3989 T.
932 3937 964 3990 ¹1¹.
978 3936 1013 3988 Π.
1036 3952 1061 4003 p.
1074 3937 1136 3990 278.
1154 3936 1241 3990 sala

180 4022 371 4076 demonstrare
387 4023 496 4086 statutt,
512 4021 564 4072 suh
580 4018 662 4073 finem
678 4023 756 4073 certe
769 4023 834 4074 sunl
846 4021 960 4074 secundi
972 4021 1242 4090 ortigometram)
1269 4005 1273 4020 ⁸

178 4109 293 4158 aretam
311 4116 362 4168 per
379 4101 531 4170 Osttgulam
546 4105 676 4157 Damasci
696 4107 809 4170 inperio
827 4106 963 4159 deiectum
983 4117 1063 4171 esse,
1087 4109 1242 4161 contectura

180 4194 286 4240 tautum
302 4189 479 4240 attentares
494 4189 557 4242 tccc
574 4188 678 4243 Diouis
696 4188 791 4244 cum
805 4191 825 4247 Ι.
842 4193 886 4246 60.
908 4204 933 4245 c.
948 4191 990 4246 ιθ
1008 4191 1145 4246 ᾱθιίιιιῑι.
