2734 4820
156 327 235 400 114
293 327 403 416 opto.
422 285 451 396 1.
473 327 517 396 ιι
539 321 715 399 recessu.
740 329 779 400 c.
794 329 837 402 v.
859 329 903 402 v.
917 329 1094 402 tas-ae.

151 501 264 565 sntioni
283 503 430 585 praebere.
471 499 536 562 iltsi
557 499 631 564 enlm
651 503 736 564 tidem
756 507 986 580 presbyterorum
1012 507 1099 568 huius
1120 508 1225 570 eccie-

152 605 213 668 siae
232 607 348 666 minime
368 610 530 680 suspectam
550 603 685 666 habuisse
704 608 818 666 videtur
838 608 905 688 [vd.
927 625 1015 683 supra
1039 625 1070 668 ν.
1085 609 1136 670 te.
1150 615 1226 690 sup),

150 711 269 768 forsitan
290 713 384 766 tamen
404 709 566 785 verebatur,
587 725 624 769 ne
644 709 685 768 illi
704 711 841 768 sulficere
861 709 1064 790 existimarent,
1084 712 1110 773 si
1130 713 1224 774 Chri-

39 873 42 880 ,
150 811 251 872 silanis
272 809 395 886 singolis
423 808 569 884 epistolam
594 811 755 890 traderent,
780 812 900 872 medem
927 827 995 872 cum
1021 815 1087 874 aliis
1112 815 1224 876 seushm

149 913 312 986 sensimque
336 909 603 988 communicaturis,
629 911 678 972 nbi
703 914 790 971 sacile
810 914 872 972 deri
891 919 1018 992 poterat,
1044 921 1076 976 nt
1102 917 1223 976 multum

148 1013 283 1088 temporis
303 1012 472 1089 elaberetur,
491 1013 654 1088 priusquam
676 1013 804 1088 plurimis
822 1015 1024 1093 innotesceret,
1044 1033 1137 1092 neque
1156 1017 1225 1076 sin-

148 1117 211 1194 guli
231 1129 413 1174 omnes·eam
434 1115 606 1188 acciperent
647 1117 753 1175 Maluit
772 1117 861 1194 igitur
876 1117 1053 1192 presbyteris
1074 1117 1222 1196 negotium

148 1219 337 1292 demandare,
362 1216 462 1274 sedulo
484 1219 618 1293 curandi,
638 1225 672 1277 ut
693 1221 817 1294 epistola
839 1225 919 1298 tota,
946 1222 1101 1299 comibus,
1123 1225 1223 1282 11111111

148 1325 344 1398 congregato,
363 1295 468 1396 palues
485 1321 686 1396 praetepatnr.
729 1321 789 1380 Cir.
813 1321 1045 1399 0111111416.
1090 1323 1222 1400 (Eodem

148 1422 309 1498 significatu
322 1423 469 1480 recitandi
490 1414 780 1504 ἀναγινώσκειν
801 1421 857 1480 dic.
869 1423 994 1501 Loc4,
1007 1424 1058 1481 16.
1079 1425 1127 1482 11.
1135 1426 1221 1484 Corr.

147 1527 184 1602 3,
198 1526 248 1582 16.
280 1521 417 1598 Xeneph.
444 1536 584 1582 mennon.
599 1524 638 1602 4,
653 1526 687 1594 2,
702 1525 773 1602 211,
801 1539 960 1598 quanquam
981 1523 1049 1582 alibi
1076 1524 1222 1600 simpliei-

148 1631 205 1686 ter:
227 1625 337 1702 legere,
357 1639 386 1682 1.
399 1638 425 1682 c.
447 1624 629 1703 Mottln24,
643 1626 693 1684 16.
719 1625 921 1704 Jo.19,eo.)
962 1627 1132 1684 Accedebat
1152 1631 1221 1686 tor-

149 1727 237 1804 sitan,
269 1727 344 1800 quod
374 1723 546 1802 presbyteri,
577 1725 633 1784 nisi
657 1727 814 1800 Apostolus
845 1743 908 1799 rem
933 1735 1065 1802 urgerat:
1098 1713 1222 1809 ὅρκίζιι

149 1819 237 1906 cipedo
257 1833 312 1886 etc.
338 1825 375 1884 de
394 1825 452 1884 hac
472 1827 591 1900 epistola
615 1828 708 1902 palam
730 1843 825 1886 coram
847 1833 931 1886 coetu
952 1829 1147 1906 praelegenda
1166 1833 1219 1888 ta-

149 1929 212 2014 cile¹
224 1929 369 1988 haesitare
389 1928 561 2006 potuissent,
580 1935 697 2006 propter
718 1931 800 1988 etlata
819 1929 968 2006 nonnulla,
994 1933 1076 2006 quae'
1089 1933 1126 1990 ad
1152 1931 1218 1990 sin-

148 2033 235 2108 gulos
254 2031 392 2106 quosdam
415 2029 592 2089 Christianos
613 2031 802 2107 corrigendos
820 2032 998 2106 respicerent
1018 2030 1069 2108 (t,
1083 2033 1114 2090 3.
1128 2050 1171 2106 sq.
1187 2030 1220 2111 11,

148 2131 200 2192 tt.
215 2132 277 2210 sq.)
282 2173 294 2210 ,
322 2131 489 2208 praesertim
520 2149 606 2208 quum
636 2132 714 2194 haud
745 2133 894 2209 deessent,
924 2133 974 2207 qni
1006 2135 1219 2194 observantiam

107 2267 114 2278 ·
147 2235 322 2311 preshyteris
346 2233 468 2293 debitam
494 2235 693 2311 negligerent,
717 2250 747 2292 ν.
769 2221 819 2292 111.
840 2233 890 2292 ts.
924 2237 985 2295 Cir.
1011 2236 1153 2296 Beusou
1178 2236 1218 2295 ad

147 2334 218 2396 111.
259 2338 309 2395 Au
329 2338 404 2396 torte
423 2335 540 2411 insuper
566 2337 731 2412 singulares
757 2334 834 2394 illius
860 2336 1057 2396 sollicitudinis
1083 2337 1239 2411 Apostoli‘

149 2455 255 2497 causae
275 2439 393 2514 tirerint,
418 2439 456 2496 iis
476 2437 657 2512 coniunctae,
678 2453 752 2513 quaa
775 2440 823 2498 11.
838 2441 978 2497 Thessali.
989 2442 1024 2518 2,
1035 2441 1067 2498 1.
1094 2441 1132 2498 de
1151 2439 1220 2513 epi-

147 2542 221 2600 stola
246 2539 321 2598 salsa
346 2540 437 2598 Paulo
468 2539 614 2614 supposita
644 2539 791 2616 dicuntur,
815 2541 991 2616 ignoramus.
1038 2541 1122 2608 Quod
1146 2541 1219 2600 Mi-

150 2638 290 2701 clraelis
322 2641 465 2716 coniecit,
495 2640 661 2700 seutentiam
692 2641 775 2699 Pauli
804 2639 880 2698 hauc
910 2643 1015 2700 tuisse:
1043 2645 1157 2720 curate,
1187 2647 1221 2702 nt

150 2741 303 2802 Ciuistianl
331 2742 473 2801 Thessali.
504 2758 606 2802 onmes
637 2758 675 2800 ex
705 2743 792 2802 ductu
821 2744 978 2802 litterarum
1003 2743 1221 2818 subscriptionis

148 2859 231 2906 meae
260 2845 435 2921 intelligant,
460 2841 607 2922 epistolam
634 2859 706 2902 vere
729 2861 749 2902 a
775 2861 823 2902 me
847 2848 1006 2918 proiectam
1038 2861 1119 2922 esse,
1149 2846 1222 2904 dass

147 2947 242 3006 meina
262 2947 348 3006 Hand
367 2950 567 3022 recognoscent
585 2947 701 3022 werde,
721 2947 898 3023 argumentis
918 2945 1028 3006 idoneis
1049 2947 1219 3006 destituitur.

147 3045 205 3108 Vb.
233 3049 336 3124 qrrippe
361 3041 600 3124 ἀναγινώσκειν
628 3049 697 3133 alibi
726 3048 891 3123 simpliciter
916 3049 965 3108 vel
991 3047 1220 3126 delegantibus

147 3152 196 3209 vel
217 3150 254 3209 de
274 3150 505 3226 praelegeodbus
523 3155 687 3226 usurpatur,
706 3167 800 3226 neque
820 3153 940 3226 constat,
959 3151 1141 3227 Apostolum,
1161 3165 1219 3224 quo

146 3259 273 3328 tempore
290 3256 392 3329 primu
407 3255 470 3312 cicc
481 3252 784 3312 Thessalonicensibus
805 3253 952 3328 scriberet,
972 3252 1111 3310 eiusmodi
1130 3244 1219 3310 sran-

146 3355 227 3432 dem,
246 3371 319 3430 quae
341 3353 488 3428 epistolam
509 3355 629 3413 ahenam
649 3353 706 3430 ipsi
725 3357 905 3428 supponeret,
924 3353 1070 3416 habuisse,
1081 3368 1217 3427 compar..

29 3479 32 3491 ·
146 3460 212 3514 tam.
256 3457 405 3532 Ceterum,
425 3455 499 3531 quod
520 3460 587 3516 ante
614 3449 801 3534 ἀδελφοῖς
826 3457 917 3530 vulgo
938 3455 1051 3512 additur
1078 3445 1218 3533 ἁγίοις,

129 3575 139 3626 ς
147 3572 311 3633 quanquam
330 3558 360 3616 in
379 3558 508 3632 pluribus
528 3559 620 3616 bonae
640 3537 724 3616 notae
751 3558 834 3616 codd.
862 3557 988 3632 itemque
1014 3572 1108 3615 verse.
1132 3559 1166 3616 lt.
1188 3561 1219 3614 et

146 3657 282 3730 Aethiop.
304 3661 333 3715 et
359 3660 434 3731 apud
459 3662 615 3718 Damaso.
644 3661 807 3723 Ambroa.
837 3658 998 3718 Cassiod.
1028 3658 1218 3734 desideratam,

147 3761 234 3818 textui
253 3759 453 3819 vindicandum
475 3776 640 3837 censemus,
659 3761 799 3836 siquidem
820 3763 925 3818 nullam
945 3758 1031 3818 hahet
1050 3761 1216 3846 glossema·

147 3864 183 3922 tis
209 3861 350 3938 speciem,
376 3877 431 3936 quo
463 3863 565 3920 vocab.
592 3855 743 3938 ἀδελφοῖς
768 3862 882 3920 minime
913 3862 1069 3938 indigebat.
1114 3861 1218 3918 ¹Causa

147 3965 307 4022 omissionis
327 3963 433 4048 duplex
455 3979 521 4022 esse
539 3965 642 4039 potuit,
667 3965 717 4024 vel
743 3965 845 4022 cedomi
874 3979 954 4022 error
975 3978 1013 4020 ex
1033 3959 1216 4020 similitudiua

146 4065 265 4124 voeabb.
292 4055 398 4145 ἁγίοις
421 4069 451 4123 ct
476 4059 626 4144 ἀδελφοῖς
655 4065 804 4141 oriundus,
824 4066 889 4140 vel,
914 4063 991 4139 quod
1014 4061 1090 4122 haec
1116 4060 1215 4120 verbh.

147 4167 307 4227 coniunctio
329 4157 388 4247 οἷγ.
411 4160 467 4228 et.
496 4168 589 4226 aliena
609 4166 758 4226 videbatur
778 4181 796 4224 a
816 4171 927 4244 gedera
952 4164 1065 4228 meandi
1085 4164 1215 4234 Paulino.
1287 4237 1295 4246 ἱ
