2740 4828
150 413 186 462 vt
513 389 842 464 PRAEFATIO.

154 572 300 654 tempore
327 563 480 652 probetur
511 561 612 632 libros
640 562 829 653 epistolicos
855 563 1092 653 interpretandi
1117 560 1227 660 ratio]

141 700 392 790 'couscriptum
418 697 502 787 quod
530 717 644 768 omnes
664 699 709 767 N.
731 699 771 767 F.
797 663 969 788 Epistulas
996 701 1228 771 commentario

55 909 60 925 ,
158 836 310 905 continuo
331 835 579 926 complectatur,
603 833 646 904 ad
666 835 794 904 modum
813 833 901 938 illius
919 835 1136 928 conformato,
1163 856 1229 926 quo

159 971 347 1058 Theologus
367 969 504 1038 illustris
525 967 564 1040 S.
585 969 629 1037 V.
657 967 835 1042 lluinocl
861 971 1014 1042 libronun
1041 971 1086 1040 N.
1107 972 1147 1040 li.
1173 971 1229 1039 lti-

158 1107 349 1178 storicorum
390 1103 641 1195 explicationem
679 1106 814 1195 egregie
852 1105 1020 1176 instruxit.
1074 1103 1231 1197 Proinde,
1263 1147 1266 1152 ·

159 1263 255 1333 quum
280 1240 453 1329 bibliopola
480 1239 524 1309 de
555 1241 736 1310 litterarum
763 1243 918 1332 omnaque
951 1241 1083 1330 generis
1103 1221 1230 1310 Mis
1311 1241 1317 1248 .

102 1375 107 1386 '
159 1380 277 1470 quovis
290 1383 387 1466 pacto
401 1375 944 1469 promovendismeritissimus,Jo.
959 1376 1072 1448 Ambr.
1093 1375 1230 1467 Barth,

159 1515 253 1584 nobis
274 1509 504 1602 significasset,
524 1510 567 1578 V.
590 1511 794 1629 lluinoelium
813 1511 956 1600 nogotiis
976 1511 1051 1622 aliis
1070 1510 1231 1604 impediri,

160 1649 353 1740 quominus
380 1667 511 1737 operam
542 1620 634 1718 suam
665 1647 701 1717 in
726 1645 923 1736 Evangeliis
950 1615 987 1718 ct
1012 1649 1112 1719 Actis
1138 1649 1229 1736 App.

160 1783 364 1876 explicandis
392 1803 515 1854 summa
542 1800 613 1853 cum
640 1781 737 1853 laude
768 1783 958 1856 collocatam
984 1783 1029 1854 ad
1055 1782 1229 1906 Epistulas

160 1923 204 1990 N.
226 1923 266 1990 Ii.
287 1919 482 2010 transierat,
502 1940 568 2004 pon
589 1919 805 1989 dubitavimus
831 1919 964 1989 monitis
992 1920 1064 1990 eius
1091 1921 1229 2011 obsequi

158 2066 326 2145 utrumque
345 2061 490 2124 nostrum
512 2055 728 2146 cohortantis,
753 2062 791 2124 ut
809 2055 845 2125 in
864 2055 970 2126 locum
991 2055 1155 2126 Kuinoelii
1174 2055 1230 2126 ln·

159 2197 238 2264 bore
259 2192 414 2262 communi
435 2188 641 2279 suscipiendo
661 2189 920 2261 succederemus.

243 2325 350 2414 Quae.
370 2325 453 2396 ratio
481 2324 644 2415 partiendi
674 2325 798 2396 laboris
831 2327 925 2397 nobis
959 2327 1097 2418 probata
1121 2325 1231 2420 luent,

86 2459 88 2470 ⁴
158 2464 283 2556 pridem
302 2465 338 2533 in
357 2459 615 2550 ephemeridibus
641 2461 780 2549 publicis
805 2462 974 2532 litterariis
1001 2463 1147 2534 breviter
1173 2463 1228 2532 in·

159 2599 350 2672 dicavimus.
403 2593 491 2681 Quot
512 2595 666 2685 partibus
694 2595 956 2668 commentarium
988 2598 1023 2668 in
1056 2596 1229 2688 Epistulas

160 2738 203 2804 N.
225 2737 265 2804 lt.
286 2736 447 2819 integrum
466 2731 643 2802 absoluturi
664 2733 783 2823 simus,
808 2751 874 2804 non
898 2743 1073 2822 possumus
1099 2733 1229 2823 quidem

158 2875 222 2942 lroc
237 2878 384 2958 ternpore
402 2867 551 2936 exactius
562 2868 774 2956 computando
789 2869 944 2960 profiteri,
963 2869 1231 2960 quandoquidem,

160 3027 244 3097 quac
265 3003 392 3074 dicendi
414 3011 449 3072 et
467 3003 704 3092 interpretandi
724 3004 819 3094 copia
838 3003 883 3075 cd
903 3004 1063 3096 epistolas
1081 3005 1230 3092 ungulas

160 3163 219 3234 pro
241 3141 376 3210 diversa
395 3157 505 3208 carun
525 3143 642 3207 nabura
662 3145 698 3208 et
717 3139 826 3211 indole
847 3141 1078 3211 commentario
1101 3159 1227 3228 perpe-

160 3283 218 3347 tuo
239 3285 330 3346 recte
349 3273 560 3343 illustrandas
582 3274 926 3365 stultissimorum
945 3297 1011 3346 non
1031 3277 1122 3366 prius
1142 3279 1227 3346 omni

161 3434 206 3482 ex
233 3419 327 3502 parte
353 3411 500 3500 patefieri
524 3411 627 3501 solet,
653 3429 749 3500 quam
774 3410 878 3482 labori
905 3411 1006 3482 arduo
1032 3410 1228 3502 perficiendo

161 3569 287 3620 manuum
307 3549 380 3636 ipse
400 3547 599 3638 admoverit,
625 3554 661 3616 et
681 3546 724 3618 de
750 3546 810 3636 fig,
837 3565 920 3636 qm,
946 3549 1156 3637 interpretem
1181 3535 1225 3614 N,

160 3687 200 3752 Ii.
222 3684 359 3774 quaevis
379 3681 524 3750 subsidia
543 3689 640 3752 caute
660 3681 840 3752 adhibendo
859 3690 957 3770 atquo
969 3683 1129 3770 insignem
1147 3700 1226 3750 scn-

161 3821 332 3890 tertiarum
353 3817 579 3887 diversitatem
600 3815 772 3904 diligenter
792 3817 1027 3888 considerando
1048 3824 1084 3887 et
1101 3817 1226 3886 exami-
1324 3809 1325 3857 t

162 3955 267 4025 nando
302 3963 471 4044 praestare
504 3959 669 4042 oporteat,
705 3973 750 4022 eo
777 3953 927 4023 severius
957 3955 1137 4042 iudicatur,
1163 3971 1223 4040 quo

161 4094 265 4180 magis
286 4093 320 4160 in
342 4090 414 4160 dies
434 4091 590 4159 increscit
610 4109 761 4162 uumerus
782 4097 817 4159 et
837 4091 986 4162 librorum
1005 4095 1224 4161 et‘oommcn·
