2734 4820
168 383 248 502 lli4
293 383 399 476 Epist.
421 381 449 452 1.
472 383 517 452 orl
539 382 713 453 Thessell.
741 383 781 454 Ο.
803 381 846 456 V.
874 383 917 454 V.
935 371 1105 452 162-22.

166 562 195 620 b
218 563 237 620 ί.
257 559 329 620 nihil
349 565 427 621 oerte
446 559 579 637 impedit,
606 575 662 636 quo
682 557 777 618 minus
796 555 973 640 προφητεία
1001 559 1165 635 deponere
1184 557 1234 618 in-

164 667 359 734 terpretemur.
406 661 612 722 Admonendos
633 661 758 736 'putabat
790 663 850 735 Ap.
878 660 1167 738 Thessalonicenses,
1198 678 1235 720 ne

141 765 280 836 ¹omnino
311 763 368 822 hoo
397 765 502 822 donum
534 764 651 836 eiusque
681 778 764 824 usum
798 767 1018 821 contemnerent.
1067 764 1113 822 lie
1144 765 1235 822 verbo
1354 843 1355 846 ρ

166 860 402 941 ίξουθεντῖν
428 864 503 942 (hae
523 866 615 924 forma
636 866 757 924 Graecis
776 863 981 939 antiquioribus
1001 880 1058 924 nou
1078 869 1233 945 mur-pato)
1354 847 1355 884 ³

165 969 294 1042 proprie:
315 965 397 1025 nihili
416 969 530 1043 faeere,
551 970 606 1025 eir.
627 969 742 1026 Romu.
759 968 815 1043 14,
828 969 859 1024 3.
875 968 928 1026 10.
948 971 976 1028 1.
992 969 1077 1028 Corr.
1092 968 1123 1043 1,
1134 970 1189 1027 28.
1201 971 1234 1043 6,
1354 1007 1355 1038 ,

167 1072 202 1128 4.
218 1072 263 1128 ἐεί.
285 1074 330 1144 τί,
342 1084 416 1142 qnae
435 1069 581 1128 Lobeok
601 1071 714 1127 observ.
735 1071 773 1127 ad
793 1070 958 1147 Phrynicho·
978 1071 1093 1143 eetopoa
1110 1085 1143 1144 p.
1156 1069 1238 1158 182:

164 1171 245 1231 illius
266 1187 336 1229 vero
349 1172 516 1228 *contemtus
538 1183 626 1228 eausa
646 1171 753 1244 duplex
775 1185 840 1228 esse
860 1171 952 1256 potuit
977 1169 1045 1247 (vd.
1071 1169 1171 1228 Flatt
1196 1173 1234 1230 ad

164 1271 193 1332 h.
214 1273 269 1350 1.),
289 1272 353 1347 vel,
380 1271 456 1345 quod
476 1272 532 1330 alia
553 1271 678 1345 Spiritus
697 1271 788 1329 divini
805 1268 1014 1351 χαρίσματα,
1041 1285 1115 1345 quae
1134 1271 1233 1330 homi-

165 1392 218 1434 nes
238 1373 332 1450 magis
351 1372 382 1430 in
402 1371 617 1432 adruiralionem
638 1373 826 1448 conficerent,
852 1387 881 1430 v.
904 1388 928 1429 o.
957 1374 1061 1433 donum
1086 1375 1165 1430 loeta
1185 1373 1235 1431 ln·
1354 1435 1355 1446 η

165 1477 261 1554 signia
286 1472 389 1550 edendi
413 1490 440 1532 s.
471 1467 633 1550 γλώσσαις
661 1475 796 1549 loquendi
820 1477 1011 1546 praeferenda
1036 1474 1236 1550 existimabant
1354 1543 1355 1546 η

166 1577 216 1654 (ut
241 1576 314 1636 inter
343 1573 504 1634 Corinthios
529 1576 651 1653 oceidit,
674 1579 704 1636 i.
719 1578 804 1636 Gerr.
834 1592 859 1633 ο.
879 1574 1075 1654 14.),·ve1,
1103 1579 1179 1651 quod
1204 1577 1235 1636 in
1354 1567 1355 1600 r

167 1684 251 1738 ooetu
272 1677 403 1736 Thessal.
423 1691 481 1735 non
500 1678 662 1754 deruerunt,
681 1677 740 1751 qui,
760 1677 825 1735 sivo
844 1677 900 1748 ipsi
920 1677 1087 1749 phantasiae
1107 1679 1234 1754 figuren-
1354 1669 1355 1752 ζ

165 1781 204 1839 tis
229 1779 365 1855 decepti,
390 1777 455 1836 sire
481 1777 553 1837 alios
578 1778 743 1855 decepturi,
768 1793 919 1852 perperam
945 1795 1012 1837 sese
1039 1784 1176 1856 gererent
1201 1775 1234 1842 ἓν
1354 1777 1355 1800 ’

168 1876 329 1962 πνεύματι
350 1871 434 1960 οἷηίῳ
453 1879 590 1937 docentes
610 1883 639 1938 et
657 1879 864 1956 vaticinantes,
884 1881 1022 1956 ideoque,
1042 1896 1126 1955 quum
1148 1895 1233 1940 erro·

166 1998 231 2043 rum
251 1983 326 2042 rarii
351 1980 469 2059 generis
488 1979 678 2056 vitiorumque
699 1986 831 2040 auctores
851 1985 882 2040 et
901 1983 1047 2041 adiutores
1073 1982 1237 2056 existerent,
1266 1973 1269 1982 ’

165 2089 253 2143 totam
282 2071 480 2164 προφητείαν
509 2083 575 2169 aliis
601 2084 753 2142 redderent
778 2088 955 2159 suspeetam,
981 2086 1029 2144 Ιί.
1046 2085 1146 2142 lilaea
1159 2087 1235 2160 22²·
1354 2091 1355 2112 ¹

167 2189 196 2247 Ι.
211 2187 261 2244 Jo.
274 2185 312 2264 4,
325 2185 354 2245 1.
367 2199 432 2261 sqq.
473 2183 621 2270 Posterius
639 2186 764 2244 maxime
784 2187 970 2258 spectandum
989 2187 1149 2258 putaverim
1162 2195 1236 2258 pro-
1354 2265 1355 2268 ρ

167 2291 231 2362 pter
251 2303 280 2344 v.
293 2285 344 2342 21.
373 2279 520 2346 Ποίντα
541 2281 580 2346 al
601 2291 654 2346 eto.
695 2287 778 2356 Quod
797 2288 828 2346 in
848 2289 927 2344 textu
947 2287 1027 2362 vulg.
1041 2291 1106 2360 post
1126 2279 1234 2356 πᾶντσ

169 2387 348 2448 desideratur
368 2383 417 2460 bt,
439 2404 476 2446 ex
497 2389 571 2446 oodd
599 2389 727 2462 pluribus
752 2388 801 2466 (in
822 2389 923 2463 quibus
949 2389 1075 2446 nonnulli
1095 2391 1161 2446 sunt
1185 2388 1236 2446 iu-

135 2525 138 2535 ·
169 2491 354 2567 nigriores),
386 2505 478 2546 verss.
505 2489 597 2564 vulg.
628 2490 764 2562 Aethiop.
793 2491 873 2550 δίον.
900 2479 1098 2564 nonnulisque
1114 2494 1236 2574 patrum

160 2592 285 2663 'seriptis
305 2589 516 2648 Griesbaoh.
536 2589 724 2668 Matthaei,
743 2591 889 2667 Knapp,
916 2590 1127 2649 Lachmann
1153 2595 1235 2649 reete

168 2697 353 2768 receperunt,
379 2691 476 2751 nexui*
498 2692 603 2765 quippo
632 2708 662 2750 v.
683 2692 733 2749 20.
755 2693 805 2750 21.
836 2707 956 2764 prorsus
982 2693 1235 2758 accommodatum.

167 2793 322 2852 Excidisse
353 2797 433 2851 textu
457 2794 571 2852 videtur
597 2808 676 2854 mero
703 2791 805 2851 ealami
830 2809 929 2852 errore
956 2798 1071 2867 propter
1098 2793 1236 2864 syllabam

167 2895 287 2968 primam
305 2895 388 2970 verbi
406 2911 467 2970 seq.
481 2888 679 2976 δοκιμάζετε.
723 2895 899 2971 Quanquam,
919 2895 967 2971 ait,
986 2893 1070 2953 vobis
1083 2893 1155 2974 diri,
1176 2894 1235 2951 mi-

116 3001 117 3004 ’
166 2997 243 3056 nime
264 2997 495 3055 contemnendam
516 3011 582 3054 esse
602 2993 811 3075 προφητείαν,
828 3000 922 3071 probe
943 2998 1044 3055 tomen
1063 2998 1238 3054 emundante
1354 2997 1355 3004 ’

168 3099 224 3176 [de
244 3096 371 3178 douap.
390 3099 439 3156 vd.
461 3095 492 3173 2,
503 3095 568 3176 1.),
588 3110 786 3173 quaeeunque
806 3101 886 3158 dioto
904 3095 1040 3174 fuerim,
1061 3098 1149 3153 nolite
1170 3096 1238 3154 oui-

166 3203 214 3262 uis
233 3217 268 3261 se
290 3192 507 3281 πνευματικὸν
526 3199 668 3273 profitenti
687 3200 772 3257 srdem
792 3197 909 3257 habere.
951 3199 1090 3294 Similiter
1109 3199 1138 3256 Ι.
1152 3199 1237 3257 Corr.

166 3304 293 3386 14,29.
320 3301 399 3360 diota
419 3301 482 3360 τῶν
503 3300 683 3380 προφητῶν
707 3302 741 3360 in
767 3305 850 3359 coetu
872 3297 976 3360 christ.
1002 3299 1176 3373 loquentium
1201 3298 1237 3356 ab

166 3408 232 3466 aliis
251 3403 313 3462 uult
334 3401 556 3488 diiudicari,et,
576 3417 659 3474 quam
679 3402 777 3474 plures
796 3419 867 3476 prae
883 3401 990 3461 ueteris
1008 3400 1142 3477 habeant,
1162 3399 1237 3458 dex·
1354 3421 1355 3468 g

164 3507 306 3568 toritatem
326 3507 383 3564 hoo
403 3491 539 3578 saoiendl,
561 3499 734 3582 διακρίσεις
754 3499 956 3584 πνευμάτων,
976 3506 1018 3562 στί
1036 3503 1164 3562 σινοίατο
1182 3517 1237 3559 re·
1341 3573 1343 3578 Ι

161 3607 227 3684 fert
246 3610 396 3684 Spiritum
416 3609 474 3664 dio.
494 3605 822 3682 1.corr.12,1o.on.
841 3607 871 3666 Ι.
885 3607 937 3666 Jo.
950 3603 1034 3684 4,1.
1078 3605 1236 3662 commuu-

165 3712 249 3770 dstur
270 3724 342 3767 usus
361 3706 486 3782 diligens
505 3705 624 3765 rationis
644 3705 800 3783 humanae,
826 3722 878 3778 per
898 3707 990 3779 ipsam
1011 3704 1159 3763 doctrinae
1179 3720 1239 3762 ve-

163 3829 216 3872 rae
242 3825 349 3892 evang.
368 3807 493 3866 indolem
512 3810 601 3880 probe
630 3810 774 3883 cognitam
794 3808 932 3866 divinitus
951 3809 1126 3884 illustratae,
1152 3809 1240 3878 atqua
1354 3849 1355 3872 2

162 3913 263 3975 iudicii
284 3909 489 3970 exercitatione
515 3909 628 3966 subaeh’
655 3909 946 3988 (Hedrr.5,14.),
974 3924 1030 3984 quo
1055 3909 1093 3966 de
1112 3905 1238 3982 singulis
1354 3897 1355 3908 ¹

162 4019 283 4077 aliorum
305 4012 397 4070 allatis
418 4011 587 4068 seutentiam
607 4013 686 4069 ferra
698 4011 855 4088 balsamum,
875 4017 969 4069 utrum
989 4007 1077 4068 indoli
1098 4013 1126 4066 et
1145 4009 1237 4083 inge-

163 4119 211 4178 nio
232 4112 382 4176 doetrinae
403 4125 509 4187 evang.
530 4111 701 4198 conueniant
719 4127 775 4170 nee
795 4129 840 4170 ne.
883 4112 945 4179 Qua
965 4099 1079 4185 quidem
1098 4109 1237 4180 explora-
1354 4105 1355 4156 ἶ

162 4223 240 4280 tione
259 4218 317 4278 hoo
338 4214 417 4276 ellici
437 4214 499 4274 vult
511 4213 615 4291 Apost.
631 4217 673 4292 ut,
692 4225 879 4292 quaeeunque
898 4229 972 4274 vera
991 4217 1021 4270 et
1039 4212 1161 4272 honesta
1181 4225 1237 4267 οο-
1354 4231 1355 4272 ff
