2744 4824
154 349 234 424 290
535 352 852 442 Prolegouoeua.

154 523 333 615 disciplina
353 520 501 594 Judaica
522 511 665 613 amplias
686 523 889 612 indigentes.
932 523 971 593 0.
990 521 1035 613 V,
1056 521 1226 614 ld-Vl,

158 625 305 697 1-18.
347 627 545 716 Quanquam
566 623 727 694 nonnulla
753 626 935 696 obveniunt
962 629 1006 694 ad
1033 625 1225 715 intelligen-

153 719 236 798 tiam
266 727 476 818 potissimum
508 729 677 796 homiuum
708 726 1136 797 suesco-christianornm
1165 750 1225 797 ac·

153 832 365 913 commodate
387 831 496 918 dicta,
523 838 620 899 tanta
639 839 753 900 tamen
774 829 1020 920 perspicuitate
1046 837 1083 896 et
1107 831 1223 916 gravi-

154 939 226 1001 tate
248 935 290 1001 de
310 933 522 1021 praestantia
542 953 672 1002 somma
693 933 874 1020 evangelii,
896 934 939 1000 ds
960 953 1025 1000 usa
1046 940 1082 1000 et
1102 953 1222 1002 neces·

117 1047 119 1052 ’
153 1035 258 1104 sitate
288 1035 493 1122 temporaria
525 1033 614 1124 logis
652 1034 846 1122 Mosaicae,
880 1037 923 1102 de
950 1056 1035 1104 vera
1060 1032 1223 1102 libertate

153 1135 348 1206 carissima
374 1136 480 1226 probe
501 1141 722 1205 aestumanda
749 1135 945 1214 disseritur,
971 1143 1009 1203 ot
1036 1135 1122 1204 baec
1150 1137 1223 1224 epi-

153 1238 245 1307 stola
263 1246 359 1308 recte
380 1238 414 1306 iu
437 1239 647 1308 documentis
663 1239 829 1310 babeatur
843 1239 1013 1328 primariis
1027 1237 1221 1328 persuasio·

152 1343 205 1410 nis
226 1361 308 1412 vere
329 1339 554 1410 Christianae.
948 1331 950 1336 ’

110 1651 121 1662 ’
234 1645 290 1718 lle
310 1657 460 1737 mopere
479 1652 592 1714 antero
614 1653 649 1712 ct
668 1646 755 1733 loco,
778 1663 843 1734 quo
865 1645 994 1734 scripta
1014 1645 1128 1733 faerit,
1150 1645 1219 1713 dis·

151 1749 281 1838 putatio
304 1755 360 1815 est
385 1749 492 1816 ardua
518 1769 560 1817 ao
582 1745 748 1835 difficilis,
775 1747 866 1814 baud
888 1747 1011 1834 exigua
1033 1749 1219 1824 seutentia-

150 1871 225 1919 rum
258 1850 455 1920 diversitate
487 1848 671 1937 implicata.
719 1849 956 1938 Conquirenda
987 1859 1066 1919 suot
1092 1851 1220 1920 iudicia

151 1953 251 2020 buius
271 1953 322 2021 rci
338 1951 372 2018 iu
386 1952 463 2038 ipsa
482 1952 526 2018 ad
544 1950 686 2023 Galatas
705 1952 850 2039 epistola
867 1952 934 2020 buo
951 1950 1031 2019 illuc
1050 1951 1218 2042 dispersa,

149 2052 368 2144 pluribusque
401 2053 487 2121 lodis
519 2051 685 2121 noum
717 2051 808 2144 App
842 2055 886 2120 ad
919 2051 1042 2122 itinera
1076 2059 1112 2122 et
1142 2053 1218 2121 iata

94 2199 97 2204 ·
149 2155 250 2224 Pauli
271 2155 502 2245 spectantibus
523 2145 750 2242 comparanda
769 2157 971 2246 (quanquam
990 2161 1129 2243 propter
1149 2157 1220 2222 dis·

151 2279 305 2345 seusam,
327 2257 384 2348 qui
404 2257 495 2325 baud
517 2257 659 2342 exiguus
681 2263 749 2343 est,
770 2257 988 2345 interpretum
1012 2259 1056 2324 de
1076 2257 1218 2325 nonnul·

50 2429 55 2443 ,
147 2357 193 2427 lis
219 2360 339 2428 borum
368 2357 519 2428 locorum
551 2364 646 2426 reete
673 2359 884 2447 explicandis
915 2359 974 2428 vix
1000 2362 1217 2447 sperandum,

148 2460 244 2544 fore,
270 2468 308 2529 at
335 2464 455 2529 eadem
484 2461 652 2528 sententia
677 2461 830 2528 omuibus
856 2463 1126 2549 persuadeatur).
1177 2461 1219 2529 ln

149 2563 223 2652 ipso
245 2563 377 2653 quidem
399 2571 499 2631 coetu
520 2561 719 2630 Galatarum
740 2563 847 2631 fuisse
868 2561 1085 2652 Apostolum,
1104 2562 1217 2651 prius·

148 2687 248 2755 quam
269 2665 334 2733 bae
356 2665 493 2732 litterae
514 2663 760 2752 scriberentur,
782 2666 888 2756 iisque
911 2665 1120 2734 sermonibus
1142 2665 1217 2732 suis

6 2797 8 2800 ·
148 2767 333 2836 doctrinam
356 2769 398 2834 de
421 2766 556 2836 Gbristo
576 2764 669 2834 laeta
688 2768 896 2836 nuntiantem
917 2767 1117 2854 tradidisse,
1146 2787 1223 2833 om-

147 2891 209 2938 nes
230 2876 326 2935 reate
348 2875 578 2954 cognoverunt
598 2891 641 2936 ex
659 2867 735 2937 loco
754 2867 792 2936 G.
806 2867 868 2956 lV,
884 2889 914 2938 v.
929 2867 992 2935 13.
1008 2889 1079 2958 sqq.
1112 2866 1217 2934 Item-

147 2983 213 3060 que
235 2977 456 3057 certumst,
485 2969 520 3036 in
540 2969 640 3038 Acts‘r
659 2969 752 3058 App.
778 2967 842 3057 aa,
858 2967 896 3037 6.
919 2965 982 3057 18,
996 2968 1060 3038 28.
1090 2969 1217 3057 duplex

148 3070 401 3140 commemorari
422 3071 489 3139 iter
508 3071 683 3160 Apostoli,
705 3091 770 3160 quo
792 3069 935 3138 Galatas
958 3071 1090 3140 adierit.
1134 3069 1216 3138 Dis-

147 3174 296 3242 sentiuut
315 3195 409 3260 vero,
430 3179 541 3240 utrum
562 3171 702 3259 Paulus,
724 3179 904 3262 antequam
924 3171 1057 3241 litteras
1078 3173 1123 3240 ad
1144 3173 1214 3241 Ga·

145 3275 235 3346 latas
258 3277 371 3363 daret,
392 3271 499 3342 serae!
515 3295 558 3342 an
579 3277 719 3362 saepsiss
738 3274 827 3342 iuter
848 3275 939 3360 ipsos
960 3283 1119 3345 versatus
1140 3273 1215 3342 fue-

145 3381 201 3448 rit.
251 3377 353 3447 Haud
380 3377 480 3465 pauoi
508 3376 646 3466 quippe,
673 3381 858 3465 praeeunte
878 3375 1094 3445 Marcione
1121 3377 1213 3445 Gno-

146 3481 233 3548 stice
261 3479 359 3548 Saea.
381 3477 427 3546 ll.
465 3477 665 3567 (taspharo
693 3479 772 3546 odo.
797 3477 921 3549 hom
942 3475 1009 3565 42,
1029 3474 1084 3565 9.)
1104 3477 1215 3566 paolo

140 3595 222 3672 post
258 3583 509 3652 emmeramum
546 3577 760 3649 aulam
792 3583 836 3647 ad
870 3599 973 3648 sacra
1005 3579 1213 3668 Christiana,

145 3705 246 3774 quum
266 3681 452 3771 Apostolus
473 3681 581 3770 prima
600 3681 676 3752 vice
698 3703 758 3750 eos
779 3681 944 3770 adiisset,
971 3681 1060 3750 bauc
1088 3682 1215 3771 episto·

144 3785 213 3854 lam
234 3785 359 3854 litteris
377 3783 609 3870 consignatam
625 3805 703 3854 esse
721 3787 930 3872 argumentis
945 3784 1098 3874 pluribus
1120 3785 1213 3853 esin-

145 3879 227 3982 cera
248 3890 458 3956 studuerunt.
500 3883 570 3952 Sed
591 3885 692 3954 iidem
714 3887 747 3954 iu
768 3895 885 3974 partes
905 3888 1059 3958 diversas
1074 3887 1212 3974 abeunt,

146 3994 188 4059 de
209 3999 360 4078 tempore
383 3985 611 4057 conversionis
632 3987 830 4057 Galatarum
852 3987 1073 4076 disputantes.
1122 3989 1212 4058 Nam
1348 4033 1349 4063 ι

143 4092 247 4180 vulgo
284 4091 416 4180 quidem
444 4090 572 4159 Paulus
604 4109 647 4156 eo
671 4091 808 4179 itinere,
842 4091 938 4160 caius
967 4092 1090 4160 mentio
1115 4091 1211 4160 Acte.

149 4193 212 4283 16,
225 4193 263 4266 6.
284 4194 380 4262 facta
400 4199 469 4282 est,
491 4191 662 4262 Galatiam
678 4195 833 4281 mos
858 4193 984 4264 adiisse
1011 4191 1123 4284 iblque
1151 4195 1210 4262 do-
