2734 4820
266 379 374 468 Epist.
397 375 686 446 1.a‹1'rnessa11.
708 377 748 446 G.
770 375 814 446 V.
842 375 886 447 V.
905 373 1095 486 ill-22.v
1120 374 1194 446 ¹61

118 555 174 619 26.
198 555 299 616 durior
323 559 418 614 tamen
446 559 566 629 apparet
585 552 703 615 onnon
723 531 822 614 verbi:
850 550 971 612 innotuit
998 571 1024 612 a.
1052 555 1198 626 patefacta

121 667 180 737 cst,
201 675 237 715 ac
257 661 317 718 tota
337 661 490 716 verborum
513 669 680 732 compages,
700 655 757 715 hoc
777 655 862 714 modo
883 655 1035 731 intellecta,
1054 654 1111 713 uisi
1131 667 1196 714 om·
1252 683 1255 694 ·

119 761 170 820 nia
189 776 237 818 me
257 761 382 838 fallunt,
407 758 581 834 languidior.
621 759 713 818 Immo
733 757 787 816 aab
807 757 955 816 voluntate
974 753 1079 839 Dcifilr.
1099 758 1118 815 l
1140 760 1196 818 de-

121 867 239 922 cretura
257 861 379 937 intellig.
399 863 534 920 ἀὶσίιαιια
562 859 717 918 deuolute
743 857 863 934 generis
888 857 1006 917 humaui
1033 875 1086 932 per
1107 859 1198 918 chri-

119 969 196 1024 atum
216 963 395 1040 reparanda,
414 963 514 1038 Epiro
529 963 561 1040 1,
574 964 604 1020 ὅ.
618 963 649 1020 9.
663 960 715 1020 11.
741 961 851 1020 Hedrr.
868 963 924 1039 10,
944 962 994 1019 10.
1016 957 1072 1028 εἰς
1092 952 1197 1040 ὑμᾶς

121 1055 216 1142 (ὃν),
246 1067 288 1124 od
314 1081 367 1124 noa
385 1067 559 1141 patinea,
580 1079 605 1122 e.
633 1065 671 1120 dc
689 1065 772 1122 nodia
793 1067 915 1136 captam
943 1060 1198 1137 (quemadmodum

121 1163 166 1230 εἰς
187 1165 299 1224 obiecto
320 1183 344 1223 a.
364 1181 453 1240 acopo
473 1164 663 1240 significando
683 1161 821 1239 inservit,
841 1165 919 1224 aaa.
939 1165 975 1241 7,
996 1166 1050 1224 30.
1070 1165 1125 1244 12,
1142 1163 1196 1224 21.

119 1271 239 1330 Bonam.
259 1271 293 1346 9,
312 1267 365 1328 21.
388 1266 452 1345 ol.)
477 1267 602 1339 itemque
631 1259 677 1325 ἐν
701 1265 868 1344 Χριστῷ
897 1259 989 1343 (ὃν),
1017 1270 1051 1323 ia
1079 1267 1198 1328 carata
1243 1333 1245 1338 ,

119 1373 271 1448 positura,
288 1367 428 1443 siquidem
449 1371 529 1428 Deua
549 1367 627 1424 hunc
647 1365 824 1440 potissimum
845 1366 945 1442 elegit,
965 1367 1049 1426 culam
1070 1355 1199 1428 doc'trina

81 1473 85 1478 '
123 1475 155 1529 ct
173 1471 235 1529 vita
254 1471 379 1530 humano
405 1471 509 1548 generi
529 1470 609 1528 salua
636 1467 997 1556 contingeret'veriasima.
1038 1469 1121 1546 nnc,
1146 1469 1198 1531 ln·-

123 1573 198 1648 quit,
224 1575 363 1649 partinet,
390 1589 414 1631 a.
440 1573 497 1632 hoc
526 1585 626 1630 aecum
652 1570 711 1628 fert
737 1571 885 1628 decretum
905 1549 975 1628 illud
996 1569 1141 1647 divinum,
1167 1577 1199 1630 ut

122 1675 237 1750 gratiae
250 1675 312 1734 lico
332 1689 385 1749 pro
407 1653 536 1751 omnibus
557 1685 649 1748 agere
670 1671 808 1732 debeatis.
849 1672 914 1729 Vos
935 1672 1021 1749 enlm,
1040 1672 1109 1730 hnic
1121 1661 1220 1732 Ser-'

122 1777 218 1835 vatori
247 1777 392 1851 addictos,
416 1775 515 1833 latere
535 1775 656 1847 amplius
681 1787 738 1832 non
765 1775 874 1849 potest,
900 1787 1088 1849 quaecunque
1109 1773 1198 1836 chri-

123 1878 225 1938 stianis
246 1877 420 1952 acciderint,
446 1879 507 1937 Deo
527 1870 660 1951 volente',
687 1889 785 1934 corum
812 1875 897 1934 saluti
925 1876 1077 1934 considere
1097 1881 1198 1938 aeter·

122 1995 188 2039 nae.
212 1982 330 2040 Bonan.
344 1981 379 2058 8,
392 1980 446 2040 28.
459 1995 523 2054 app.
565 1979 661 2038 sensu
681 1955 782 2050 partlm
803 1974 919 2036 diverso
945 1979 1054 2036 Storr
1081 1981 1199 2039 duam.

122 2085 157 2140 tn
184 2097 253 2156 epp.
279 2082 370 2140 Pauo
395 2081 546 2140 minorant
572 2081 687 2153 aliquot
714 2081 780 2136 loco
803 2095 836 2153 p.
854 2077 908 2136 81.
928 2095 984 2154 ap·
998 2077 1077 2138 hunc
1102 2080 1198 2140 locam

123 2184 341 2256 interpretatur:
369 2181 425 2240 hoc
446 2179 501 2240 liei
529 2179 678 2238 consilium
705 2182 836 2251 protecto
857 2181 1001 2239 eiuanaodt
1022 2184 1083 2258 est,
1108 2183 1198 2241 atad

123 2277 335 2362 εὐχαριστίαν
361 2283 510 2342 materiam
535 2283 671 2355 praebeat
696 2280 866 2353 locupletem
892 2282 979 2360 (Col.
996 2281 1030 2362 1,
1044 2284 1100 2343 14.
1111 2283 1197 2360 app.)

124 2401 181 2446 uec
205 2385 237 2443 iu
256 2387 321 2458 ipsa
348 2385 461 2459 quidem
488 2385 649 2442 calamitate
676 2383 848 2440 defuturam.
896 2383 1033 2460 Fallitur,
1060 2400 1098 2442 ca
1124 2385 1199 2445 locis

124 2489 175 2548 Jo.
189 2489 224 2568 6,
238 2491 292 2546 58.
305 2488 357 2544 58.
377 2487 567 2562 probaturus,
599 2485 693 2544 ιοῦιο
714 2499 767 2556 pro
793 2483 920 2544 τοιοῦτο
946 2485 1035 2544 acribl
1061 2487 1199 2566 potuisse,

126 2605 213 2662 quum
230 2603 269 2645 a.
284 2585 335 2645 50.
361 2589 429 2648 vbb.
455 2588 512 2649 ἵνα
541 2605 588 2652 τις
614 2583 646 2657 ἓξ
673 2579 775 2646 αὐτοῦ
804 2579 897 2676 φάγῃ
923 2601 988 2645 σου.
1007 2601 1045 2646 ex
1070 2603 1199 2662 proaem.

127 2677 237 2767 οὗτος,
264 2689 317 2748 aed
338 2705 374 2748 ex
394 2692 495 2764 partic.
516 2683 724 2772 καταβαίνων
750 2689 908 2764 pendeant,
935 2703 991 2747 uec
1016 2705 1046 2747 v.
1060 2689 1112 2746 68.
1139 2691 1198 2750 ulla

126 2793 287 2850 necessitas
307 2783 458 2868 appareat,
478 2779 588 2855 σῦιοιι
608 2793 669 2867 laic,
691 2805 779 2866 quem
800 2791 878 2868 dict,
901 2794 945 2850 eat
965 2795 1020 2849 etc.
1039 2807 1108 2865 pror
1129 2793 1199 2851 tuda
1226 2769 1233 2791 ⁸

125 2892 298 2964 accipiendi.
343 2893 453 2952 Preces
472 2891 538 2966 piae
559 2897 589 2949 et
608 2892 767 2968 gratiaram
788 2892 930 2968 actiones,
956 2895 1127 2964 praesertin
1147 2894 1197 2952 in·

45 3023 48 3030 ⁴
127 2996 281 3070 tentiones,
306 2995 344 3052 ad
363 2995 440 3054 illam
461 2995 617 3069 pertinent,
650 3009 733 3067 quam
754 2994 886 3065 Apostoll
905 2995 1077 3066 praedicare
1097 2997 1199 3072 acient,

126 3093 253 3167 Spiritus
265 3096 356 3155 divini
374 3097 518 3154 inanimis
545 3094 689 3152 hominurn
705 3094 897 3171 efficientiam,
917 3098 1197 3175 Romoa8,1⁶.26.
1234 3103 1239 3111 ⁴

126 3196 209 3256 Patet
235 3197 318 3276 inde,
348 3213 434 3272 quam
460 3197 557 3255 facilia
588 3196 676 3255 tuerit
709 3181 846 3256 causitus
878 3199 1091 3270 praeceptionis
1116 3199 1198 3257 Pau·

126 3298 204 3356 linae
224 3300 262 3358 ad
282 3299 348 3359 abb.
368 3298 461 3357 v.19.
492 3291 534 3358 nd
558 3299 714 3379 πνεῦμα
736 3292 789 3381 μὴ
813 3296 1008 3380 σβέννυσι.
1051 3299 1198 3366 Quemad-

126 3399 245 3457 modum
264 3402 433 3460 mutationea
460 3401 580 3475 quaevis
600 3401 761 3478 salutares,
787 3415 861 3476 quac
889 3403 951 3458 ilco
978 3401 1143 3460 moderante
1171 3407 1200 3461 et

125 3501 282 3567 adiuvante
308 3503 339 3562 in
365 3502 525 3561 hominibus
552 3503 590 3559 ad
621 3501 766 3561 Christum
795 3501 944 3561 conversis
970 3505 1105 3561 accidunt
1132 3504 1199 3581 (vd.

128 3603 165 3660 ad
187 3604 218 3679 1,
231 3601 261 3660 n.
274 3604 303 3661 o.
315 3602 346 3680 4,
359 3605 387 3662 8.
415 3605 547 3682 observ.)
553 3645 563 3678 ,
590 3603 631 3662 lta
652 3605 737 3661 etiam
758 3606 859 3683 dotes,
890 3619 969 3680 puae
995 3611 1077 3664 recte
1102 3605 1199 3666 hude—

127 3705 239 3764 panem
257 3709 451 3786 iaaipoiorea,
472 3723 497 3764 e.
518 3723 596 3782 poue
615 3709 649 3763 ιἰι
668 3709 793 3780 simpatia
810 3709 998 3781 pottoaimum
1020 3709 1199 3768 coronano

124 3809 185 3868 cina
205 3811 354 3866 amimam
374 3811 468 3868 mainan·
488 3811 628 3866 divinitus
649 3811 786 3866 commoti
806 3815 835 3867 et
856 3812 981 3867 excitati
1001 3811 1199 3890 testabuntur,

125 3924 156 3966 v.
183 3925 210 3966 e.
238 3911 342 3966 donmn
370 3904 531 3986 γλώσσαις
551 3909 705 3985 loquendi,
732 3909 874 3984 carmina,
907 3925 982 3984 quae
1015 3911 1116 3968 laudea
1144 3911 1199 3970 liei

127 3991 347 4087 praedicabant,
373 4011 554 4087 vaticinatio,
579 4011 685 4070 fiducia
705 4011 860 4083 praecipuo
885 4013 967 4070 firma
992 4015 1121 4083 potenter
1147 4015 1199 4069 sa*

128 4113 182 4170 otia
205 4113 372 4187 coniuncta,
393 4113 430 4169 ad
451 4113 573 4190 antipa
591 4101 648 4187 ily.
671 4113 1201 4190 referuntur,1.,con·.1t,⁷.apq.,

128 4213 248 4288 etipsa
273 4215 387 4276 nominc
413 4215 530 4276 veniant
555 4215 686 4296 πνεῦμα
713 4229 738 4275 a.
767 4205 954 4294 πνεύματα,
982 4215 1009 4273 Ι.
1034 4217 1118 4274 Coro.
1140 4215 1200 4295 14,

945 4312 990 4377 11
