2724 4826
249 409 359 500 Epist.
380 409 409 478 1.
430 413 475 480 eei
495 409 668 482 Thessali.
691 411 730 482 0.
751 411 877 516 1V9V.
903 405 1074 487 15-18.
1122 419 1194 493 tet
1253 475 1258 482 .

131 585 203 662 deo,
229 601 288 659 ouo
311 585 376 645 iure
399 599 555 662 negemus,
580 587 699 648 Panium
725 587 799 648 haee
826 579 933 670 (ἡμεῖς
954 583 986 652 oi
1005 587 1134 673 ζῶντες)
1159 594 1200 655 ita

133 687 314 764 munuum,
338 692 370 746 ut
390 689 427 747 de
453 693 544 746 senet
562 687 626 762 ipse
645 691 752 763 pariter
772 695 857 765 etque
877 693 914 752 de
933 694 998 752 eliis
1019 695 1199 756 Christiano-

131 805 195 846 rmn
226 789 278 847 illo
306 793 435 862 ternpore
461 790 617 848 viventium
643 793 784 869 eogitaret
811 792 962 871 (prolegg.
990 794 1021 869 β.
1039 797 1096 874 u).
1144 798 1199 868 Qui

131 894 255 968 negant,
289 885 507 952 α’νακοίνωσιν
533 892 612 950 illum
637 893 733 954 inesse
763 895 938 972 existimant,
969 913 1027 970 qne
1052 902 1147 956 orator
1173 915 1198 958 s.

132 993 256 1064 neriptor
276 993 314 1050 sd
334 993 552 1070 semetipsum,
578 993 715 1052 siverba
736 1011 905 1072 sequemur,
929 999 1096 1075 transferet,
1123 1001 1199 1072 quod

130 1093 179 1151 uel
199 1093 322 1152 maxime
342 1093 390 1152 vel
409 1095 495 1152 unioe
520 1095 559 1152 de
582 1095 757 1154 auditoribus
782 1097 974 1157 leoteribusve
1000 1099 1122 1175 intelligi
1141 1117 1199 1160 ve-

129 1193 170 1252 lit.
210 1195 349 1254 Abantem
368 1197 498 1272 aliorum,
519 1211 592 1269 quae
612 1196 810 1274 leudovermrt,
829 1201 975 1258 eumenum
994 1198 1106 1258 indoles
1124 1199 1199 1260 bueo

130 1300 189 1371 eet,
216 1301 250 1354 ut
280 1311 317 1355 ex
343 1298 408 1370 ipsa
442 1297 486 1354 rei
511 1303 614 1357 natura
640 1301 669 1356 et
699 1299 833 1356 emtionis
860 1299 951 1374 serie,
977 1291 1197 1362 ἄνακοίνωσιν

129 1395 243 1472 nese,
262 1399 351 1456 reme
370 1399 553 1474 mtethgatur.
580 1401 697 1460 αισα.
711 1401 746 1478 o,
760 1401 790 1458 e.
805 1401 858 1478 ro,
873 1399 925 1458 ιι.
938 1413 983 1476 ep.
1004 1403 1033 1460 r.
1048 1403 1198 1482 omo,
1253 1375 1262 1392 ’

132 1499 164 1555 8.
178 1502 209 1556 9.
236 1499 284 1557 ΙΙ.
298 1502 432 1579 coemi,
447 1502 477 1559 1.
497 1501 779 1578 Hetrr.6,1-3.
799 1503 828 1560 1.
842 1503 1017 1572 Petn‘4,3.
1053 1503 1146 1562 seem
1165 1520 1200 1564 se

129 1598 216 1658 lebet
236 1615 303 1658 eum
323 1601 450 1662 oratione
471 1605 604 1661 contenta
622 1600 708 1662 buius
728 1601 747 1659 b
797 1603 831 1660 si
850 1602 1008 1674 Apostolus
1028 1604 1085 1662 illis
1106 1606 1198 1664 form-

129 1703 176 1758 tan
199 1697 472 1784 ποριλειαομένοις
489 1717 523 1761 so
542 1717 699 1760 aneensere
719 1717 839 1776 prorsus
858 1706 1019 1781 uebsieeet,
1045 1705 1090 1762 sie
1110 1707 1199 1766 seribi

129 1801 251 1861 debebat
270 1793 449 1863 v.1ti.‘'ors
477 1797 508 1864 οι
538 1805 650 1875 ζῶντες
679 1825 710 1866 οι
701 1799 829 1883 ’.αιριλ
855 1803 898 1871 εἰς
928 1825 987 1877 την
1015 1802 1198 1882 παρουσίαν

130 1905 189 1964 τοῦ
210 1925 240 1962 κ
264 1899 301 1963 ee
325 1925 371 1984 μη
402 1895 688 1979 φθάσονσαι“
666 1905 772 1983 ημᾶς
799 1899 892 1973 τούς
913 1903 1197 1985 κοιμηθέντας,

129 2009 158 2063 ei
178 2005 274 2063 v.1tt
295 2005 346 2062 17.
367 1997 461 2064 ιιαὶι
441 2011 558 2082 eposio
579 2026 611 2066 οι
600 2001 735 2086 ινιιιιροὶ
755 2002 789 2066 ἐν
810 2001 987 2084 Χριστῷ
968 2001 1197 2080 ανασεησό-

128 2107 238 2184 μεθα
269 2107 445 2186 πρῶτον,
465 2101 575 2168 ἕσασα
597 2102 629 2169 οἶ
651 2108 761 2181 ζῶντες
784 2101 815 2168 oi
835 2111 891 2164 eto.
938 2108 1087 2181 Ceterum,
1113 2123 1197 2180 quum

128 2208 166 2266 ad
187 2209 298 2266 animos
319 2208 560 2286 Chrishanorum,
586 2210 689 2284 quibus
708 2208 782 2266 haee
802 2208 981 2284 seribuntur,
1008 2207 1198 2269 sollieitudine

127 2309 217 2366 nimia
240 2309 405 2367 tiberandm
424 2308 502 2366 haud
522 2311 607 2368 dubie
626 2310 777 2383 plurimum
796 2311 924 2386 faeeret,
948 2313 981 2366 nt
1006 2308 1043 2366 de
1070 2315 1148 2369 sorte
1169 2316 1197 2370 et

127 2409 217 2485 ipsis,
237 2415 268 2468 et
288 2411 435 2486 eognetis,
461 2412 576 2484 amieis,
601 2410 751 2487 religionis
772 2411 860 2468 soeiis
886 2413 946 2468 vita
971 2410 1027 2468 iam
1055 2410 1197 2472 deuncos

126 2509 251 2570 noento
271 2511 475 2588 edouerentur,
502 2513 549 2571 vel
569 2513 625 2570 hae
646 2514 683 2570 de
704 2527 791 2568 eausa
810 2513 983 2584 Apostolus,
1012 2513 1196 2588 παρουσίαν

129 2609 394 2685 censoresue
420 2629 495 2674 mou
528 2619 693 2672 eventuram
721 2617 814 2689 ratos,
840 2612 939 2670 meluit
969 2612 1000 2670 h.
1028 2611 1048 2670 Ι.
1073 2629 1196 2684 persona

126 2714 221 2786 prima
239 2713 401 2772 adhibenda
430 2717 668 2787 exspectationem
694 2714 771 2772 illam
797 2713 853 2774 τοῦ
879 2709 1195 2793 περιλείπεσθαι

128 2815 167 2871 ad
195 2812 376 2874 contemnes
407 2817 584 2887 pessumum
616 2819 676 2873 tom
705 2815 836 2872 viventes
865 2813 920 2891 (ex
947 2817 1029 2886 parte
1063 2815 1194 2894 quidem]

125 2897 301 2988 hamierre,
320 2931 420 2992 quam,
439 2918 523 2974 tertis
543 2933 614 2976 usus
634 2931 773 2991 persone,
792 2930 853 2974 rem
872 2916 1008 2974 universe
1028 2917 1195 2992 enuntiare,

126 3015 207 3074 baud
227 3020 386 3091 uagatum
406 3019 536 3094 quidem,
562 3019 636 3079 inter
656 3017 786 3075 homines
812 3031 924 3088 quoque
949 3017 1074 3074 nondum
1100 3021 1194 3096 natos,

125 3117 156 3175 in
177 3118 267 3174 vitam
287 3122 451 3176 terrestrem
477 3119 598 3192 posthae
625 3119 801 3190 prodituros,
827 3119 906 3190 rore,
933 3116 982 3189 qui
1009 3119 1049 3175 ad
1074 3137 1195 3194 nepen-

128 3214 204 3278 elur
224 3232 317 3290 mque
336 3219 449 3278 Domini
468 3221 639 3304 superstites
663 3221 801 3276 maneant
851 3220 894 3276 De
920 3219 967 3276 his
994 3218 1082 3304 igitur
1103 3220 1194 3276 nonr-

127 3313 283 3382 mat2,.ari
315 3313 368 3398 peri
404 3315 627 3400 φθάσωμεν
660 3313 752 3385 eoric
784 3314 1077 3396 κοιμηθένταςε
1110 3323 1195 3380 mata

128 3423 233 3496 nodo,
251 3437 443 3496 σορασριισσι
471 3421 533 3497 (sie
553 3421 629 3480 enim
650 3413 689 3479 οὗ
712 3412 759 3499 μὴ
780 3419 939 3490 emphatice
958 3423 1126 3496 usurpetur,
1146 3423 1194 3482 vd.

126 3523 256 3579 wiser
278 3523 466 3582 θναιιασσθΙι
486 3529 540 3582 ete.
563 3524 608 3580 ed.
628 3523 694 3580 ΙΠ.
722 3537 753 3594 p.
775 3519 881 3595 422.)
902 3525 1118 3581 antevertentes
1140 3522 1196 3598 (de

129 3615 276 3700 φθάνειν
296 3623 345 3680 vi.
366 3625 404 3680 ad
424 3639 451 3680 e.
469 3621 499 3682 i.
520 3641 549 3680 v.
565 3623 624 3698 16)
645 3628 795 3697 σιονιιιοι,
816 3621 856 3676 ita
876 3624 908 3676 ut
927 3621 1021 3696 eitius,
1042 3637 1124 3693 quarn
1144 3626 1196 3690 illi,

127 3723 166 3782 ati
192 3723 339 3782 christum
371 3725 573 3794 perveniamus
599 3722 647 3798 (v.
667 3721 736 3799 1⁷.)
768 3722 947 3794 etehqusn
980 3723 1125 3782 telioitetis
1157 3741 1194 3784 en

128 3825 274 3882 consortio
295 3825 402 3884 Christi
422 3825 559 3882 oriundae
579 3823 810 3899 praerogetivurn
830 3821 993 3879 habeamus.
1036 3823 1090 3890 om
1111 3831 1194 3884 oete-

128 3939 178 3982 ros
198 3926 404 3984 anteverterint
424 3926 564 3984 veniendo
585 3928 622 3986 etl
643 3915 806 3998 Christum,
831 3921 907 3980 haud
929 3923 1014 3982 dubie
1035 3924 1194 3984 'ihessalo-
1245 3967 1247 3982 .

128 4025 296 4084 nieensibus
315 4027 387 4102 iilis,
413 4027 461 4084 vel
487 4028 676 4086 uenditionem
702 4039 815 4097 eorum,
841 4023 890 4095 qui
918 4023 993 4084 diem
1019 4022 1076 4084 iarn
1103 4028 1195 4086 obiis-

128 4130 209 4200 sent,
237 4127 463 4202 deplorantibus,
489 4129 538 4186 vel
557 4130 594 4185 oe
614 4143 668 4185 sua
688 4128 778 4182 morte
803 4125 869 4180 ante
895 4121 1075 4200 παρουσίαν
1100 4145 1194 4189 even.

128 4231 194 4286 terre
214 4243 391 4304 magnopere
410 4229 554 4306 semotus,
579 4230 718 4306 oigmete
743 4225 774 4284 tn
794 4237 886 4302 regno
906 4223 1004 4386 rigizo
1031 4233 1195 4299 praestituri
