2740 4828
509 398 820 488 Prolcgomsna
1144 399 1195 470 sb

129 569 179 639 ris
198 569 296 638 Pauli
317 569 636 659 perbiseesloniam
665 579 700 638 et
721 569 886 640 Achaiam
912 568 994 639 tacti
1015 572 1193 642 admodum

127 673 277 742 breviter
298 695 377 740 essu
398 673 609 758 defunctum,
631 681 695 740 ccc·
715 673 868 759 singulus
888 673 1044 758 regiones
1065 684 1192 762 omnes,

127 775 169 842 ah
204 774 369 860 Apostolo
402 783 472 840 tnm
510 774 671 860 temporis
697 773 881 859 lustratus,
912 797 1192 846 commemorasse
1277 853 1281 865 ⁸

129 879 200 960 (vd.
214 875 387 944 Schrader
400 875 425 941 1.
437 875 461 942 Ι.
482 897 515 962 [ι.
533 875 621 942 151.
633 879 739 963 sqq.);
760 875 867 944 verba
876 884 987 942 tamen
1001 899 1032 944 u.
1048 875 1084 944 h.
1102 903 1190 964 ¹usos·
1250 901 1252 905 ’

127 973 230 1057 ᾖσας
256 1003 298 1044 τε
324 979 454 1065 μῆνας
482 980 608 1064 τρεῖς,
637 999 737 1064 qurum
765 977 915 1062 proximo
949 974 1219 1062 praecessisset‘

125 1077 212 1148 ah.
234 1069 368 1156 ἦλθεν
405 1075 447 1158 ἐς
467 1076 543 1154 τὴν
564 1073 751 1154 Ἑλλάδα,
777 1079 810 1144 in
834 1078 899 1144 bac
919 1078 1081 1144 orationis
1103 1082 1191 1148 serie

125 1189 296 1270 nequeunt
329 1103 405 1248 ni!
432 1180 480 1246 ito
512 1177 673 1265 intelligi,
700 1191 742 1246 ct
764 1178 942 1269 Apostolus
967 1172 1192 1250 ὐιἝλλαὸι

127 1281 277 1368 (maa)
303 1293 377 1348 tres
396 1271 526 1347 tantm
545 1303 676 1347 menses
696 1285 908 1372 mansegs‘sse
928 1281 1077 1348 dshmscr.
1126 1285 1192 1351 Pu»

125 1383 335 1469 tahimssne,
366 1384 430 1448 hcc
450 1381 612 1469 temporis
636 1381 745 1468 spatio
767 1381 858 1450 naut
880 1382 929 1448 ita
955 1403 1078 1468 magno
1102 1384 1192 1472 Apo-

123 1483 250 1550 stolum
273 1483 417 1551 atomis
445 1503 511 1549 son
534 1491 661 1550 tautum
683 1481 898 1548 Timotheum
921 1482 1191 1553 Thessalonicen

123 1583 308 1670 agauno,
330 1604 437 1672 coque
457 1604 598 1651 reverso
616 1583 760 1671 priorem
783 1582 918 1649 deduce
939 1587 982 1651 ad
1004 1584 1093 1652 bunc
1114 1609 1191 1654 coe·

123 1693 196 1753 tssu
218 1685 414 1774 epistolam,
442 1689 504 1752 sed
532 1685 634 1753 etiarn
656 1683 876 1772 posteriore·
898 1685 998 1772 (quae
1019 1685 1109 1754 hunsl
1131 1691 1190 1755 du·

125 1787 200 1874 hie,
221 1796 385 1875 utsupra
406 1786 568 1872 sistimus,
595 1785 740 1872 priorem
769 1807 835 1852 noa
863 1786 977 1854 statim
1005 1787 1191 1876 exciperet)

125 1894 311 1956 exarassct
356 1889 473 1955 Nonne
503 1886 587 1954 haec
615 1887 726 1954 omnia
760 1886 872 1974 aptius
900 1889 1102 1956 conveniunt
1130 1890 1191 1978 illi,

122 2011 214 2076 quac
233 1989 326 2056 Am.
354 1985 556 2056 0.17.18.
585 1997 786 2073 enarratur,
822 1987 1074 2056 commorationi
1100 1991 1191 2078 Apo·

123 2089 206 2158 stoli
234 2091 323 2158 inter
343 2088 567 2157 Amemus
591 2101 692 2176 σφω
721 2087 937 2156 Corsisthshs?
978 2088 1013 2174 b)
1034 2090 1085 2156 Ec
1107 2099 1191 2158 tarn.

123 2213 227 2278 porc,
256 2213 322 2280 que
348 2190 475 2259 Paulus
504 2191 650 2278 priorem
678 2189 854 2276 epistolam
875 2188 909 2255 T
911 2188 1191 2260 bcssalonicensi-
1322 2202 1327 2210 ’

126 2292 189 2360 loss
212 2293 367 2380 scripsit,
387 2292 519 2359 nonnisi
547 2290 656 2380 πρὸς
680 2288 834 2380 καιρὸν
858 2283 966 2379 ‹iipcs
993 2293 1070 2378 (per
1089 2293 1192 2360 breue

125 2397 274 2480 tempus)
285 2395 526 2462 consuetudine
547 2415 662 2461 eorum
685 2399 845 2460 caruerat
860 2393 909 2478 (1.
920 2391 1037 2460 Thess.
1053 2391 1189 2479 2,17.).

125 2493 315 2562 verissime
338 2495 400 2562 boc
423 2493 488 2560 dici
511 2501 659 2581 poterut,
688 2495 717 2560 si
744 2493 888 2580 Paulus,
916 2515 1015 2581 quum
1037 2493 1190 2561 Corinthi

121 2595 215 2663 hauc
236 2595 413 2683 epistolam
435 2595 600 2662 scriberet
621 2594 729 2680 (Acts.
752 2618 783 2662 c.
804 2593 896 2683 sto),
917 2595 1120 2663 desiderium
1141 2595 1190 2662 iu·

124 2697 261 2783 timum,
282 2699 372 2784 quod,
391 2701 462 2762 ιἀω
483 2696 628 2764 Mami
650 2697 797 2762 senserit
826 2697 943 2784 (panto
965 2703 1042 2781 post
1062 2696 1189 2764 disces-

122 2821 200 2866 sum
235 2820 258 2865 a
285 2797 666 2884 Thessalonicensibus,
701 2795 794 2864 Actu.
823 2821 853 2864 c.
877 2797 939 2884 17,
968 2793 1083 2864 v.15.
1111 2795 1188 2864 coll.

123 2922 156 2967 v.
175 2899 273 2984 ro),
296 2902 339 2966 ad
362 2899 428 2965 bos
444 2899 625 2984 redeunti,
646 2897 843 2970 declarasse
864 2898 1084 2968 existimetur.
1126 2900 1189 2966 At·

122 3008 263 3085 manen,
285 3007 324 3066 ut
345 3001 408 3068 boc
430 3002 565 3068 effatum
588 3013 662 3068 cnm
686 3000 853 3068 sententia
874 2999 1057 3068 Schraderi
1078 3001 1190 3068 conci·

121 3099 238 3185 lietur,
261 3110 445 3185 praeeunte
466 3101 540 3188 ipso
556 3111 566 3177 (
572 3121 603 3188 p.
618 3099 698 3186 so.)
722 3083 939 3170 coniihiamus
960 3121 1102 3170 neccsse
1124 3109 1189 3185 est,

121 3201 338 3289 Apostolum,
360 3203 552 3290 priusquam
574 3203 607 3268 in
622 3202 769 3269 Atticam
793 3223 870 3268 aesc
893 3203 1063 3272 conterret
1082 3200 1187 3282 (Acta

122 3301 193 3378 uo,
213 3301 271 3386 2.)
306 3304 418 3391 ibique
453 3305 515 3370 bas
548 3303 710 3391 epistolas
744 3301 935 3388 scriberet,
968 3305 1084 3370 altera
1115 3305 1189 3368 os'ce
1273 3299 1275 3308 ’

121 3403 455 3472 Thessalonicenses
482 3405 652 3473 visitasse.
701 3405 798 3480 tinosl
826 3404 1013 3489 posterius,
1042 3423 1084 3470 ex
1112 3425 1188 3472 scn-

120 3505 237 3573 tentis
257 3504 458 3591 Schrsdcri,
485 3529 526 3574 eo
553 3515 704 3593 tempore
726 3505 866 3588 accidit,
895 3504 991 3572 cuius
1012 3503 1188 3596 historiam

119 3607 243 3674 Lucas
275 3605 366 3673 Acte.
395 3627 425 3673 c.
449 3604 509 3673 19.
538 3607 725 3682 enerravit,
759 3605 815 3672 ubi
842 3607 884 3670 de
918 3604 1048 3686 biennio
1076 3627 1188 3674 sermo

119 3715 196 3792 cst,
217 3708 308 3794 quod
328 3706 457 3774 Paulus
479 3708 566 3775 inter
588 3708 754 3795 Ephesios
781 3707 959 3792 transegit.
1008 3706 1189 3774 Existimat

117 3808 267 3896 quippe,
295 3809 521 3875 narrationem
542 3809 660 3876 Lucae
682 3833 712 3876 c.
736 3803 796 3876 19.
820 3831 851 3874 v.
866 3805 930 3874 2⁰.
949 3804 1013 3875 21.
1034 3829 1188 3876 mancum

120 3929 202 3974 esse
228 3915 264 3972 et
285 3908 529 3995 imperfectam,
549 3907 765 3996 supplendam
789 3909 908 3976 itinere
930 3930 1067 3996 prorsus
1089 3908 1188 3974 omis·

119 4031 179 4093 eo,
217 4030 282 4096 quo
311 4009 495 4098 Apostolus
523 4018 592 4076 tum
627 4009 786 4096 tempori
794 4059 805 4095 ,
840 4009 974 4097 Epheso
1001 4008 1187 4096 digressus,

118 4109 284 4196 regiones
313 4109 552 4178 Macedonicas
583 4110 632 4193 (in
663 4110 716 4175 bis
736 4109 1043 4195 Thessalonicen),
1071 4109 1187 4176 (loriu-

119 4212 238 4296 thum,
266 4209 424 4298 Cretam,
450 4210 645 4299 Nicopolin,
672 4209 943 4298 Hierosolymas,
974 4209 1187 4282 Antiochiam

935 4309 989 4379 2*
