2740 4828
145 288 172 360 8
517 291 835 397 l‘rolegomenu.

146 460 247 528 foetis
281 462 499 555 conspicimur
530 464 583 556 (ΙἸ
591 494 594 502 =
616 462 784 534 Tloereoll.
812 461 849 550 ³,
877 460 942 552 6.).
989 461 1097 535 lirlcnr
1111 483 1211 534 ‘vcro

76 569 82 581 ’
147 586 212 640 non
235 565 410 658 tacebant,
438 560 562 652 plnres
580 587 712 653 corum,
741 562 797 654 qui
823 563 1093 644 Thessalonicae
1115 565 1211 632 Chri-

150 671 237 746 sturn
268 665 568 777 profiterentur,
557 690 592 734 ιιι
625 690 780 754 ιιιιιιιιιιιιιι
815 667 917 734 animi
952 667 1212 736 sollicitudinem

150 790 227 836 csse
250 763 452 866 poniectos,
468 749 510 855 de
532 776 623 838 sorte
644 767 758 834 futura
780 790 894 836 eorum
917 769 1140 856 dubitantes,
1155 767 1212 858 qui

149 859 228 934 crite
264 871 416 962 reditum
426 856 524 969 Jesp
552 869 678 942 Christi
707 869 891 945 sollennem
923 872 1034 960 (quom
1060 870 1213 958 plerique

71 1013 72 1021 ι
148 967 309 1088 proxime¹
321 971 394 1041 foce
400 973 667 1089 exspectarent)
696 971 782 1044 diem
810 973 969 1060 obierint,
998 992 1063 1040 nec
1091 974 1213 1039 deesse

148 1064 183 1139 iu
206 1071 275 1160 leoc'
293 1081 410 1166 coetu,
434 1073 489 1164 qni
508 1073 691 1152 etiamnum
714 1074 766 1140 his
789 1073 899 1146 illisve
928 1073 1029 1144 animi
1051 1073 1172 1142 vitiis'
1162 1095 1214 1139 ιιι-

149 1163 337 1288 dulgeant
344 1195 387 1258 ex
419 1176 616 1266 paganismo
648 1175 794 1246 residuis
806 1179 852 1262 ³),
885 1183 921 1244 et
956 1175 1058 1245 facile
1091 1176 1216 1244 cedant

147 1261 310 1372 eneniplis
330 1251 446 1377 molis,
468 1277 501 1342 ln
525 1277 608 1345 urbe
630 1278 806 1366 opulenta,
827 1276 908 1350 luxu
929 1277 1118 1353 diffluente,
1145 1276 1215 1342 fre-

148 1374 290 1488 'spuentes
313 1369 430 1460 obviis.
476 1377 552 1453 (luo
576 1379 707 1468 quidem
728 1403 842 1454 rernm
865 1388 956 1450 statu
975 1379 1109 1466 cognito
1121 1378 1214 1464 Apo

149 1466 266 1544 'stolus
273 1466 429 1599 (munere
452 1481 637 1572 apostolico
660 1481 811 1552 Corinthi
834 1479 996 1560 obeundo,
1018 1503 1105 1576 quo
1105 1480 1215 1546 inicus

150 1555 309 1649 slcttmf
286 1604 372 1671 rpse
399 1581 670 1658 Thessalonicen
697 1584 985 1670 proficisceretur,
1013 1565 1216 1671 prohibitus)

150 1663 352 1784 ΟΙιιίιῒῐιιιιίι
386 1686 456 1756 suis
486 1686 741 1774 confirmandis,
773 1687 1007 1771 admonendis,
1034 1683 1216 1758 edocendis

150 1803 265 1893 epos
202 1784 290 1868 'stola
311 1789 483 1867 exaranda
503 1789 681 1865 consuluit.

630 1959 666 2048 ι.
700 1957 736 2028 ι.

174 2065 182 2087 '
235 2091 304 2160 Pro
333 2115 425 2172 more
453 2115 514 2164 suo
543 2091 883 2186 ordiendilepistolns
900 2077 1066 2162 'laudibus
1088 2113 1218 2167 eornm,

152 2193 207 2282 qui
234 2193 335 2270 laude
364 2196 454 2282 digni
484 2206 616 2285 essent,
644 2199 786 2288 primum
815 2198 966 2286 quidem,
987 2195 1062 2262 Deo
1084 2193 1217 2280 gratias

153 2317 277 2382 agens,
313 2299 486 2384 egregiam
526 2299 617 2370 illam
656 2300 833 2392 praedicnt
871 2298 1107 2384 alacritatem,
1151 2317 1219 2384 qna

152 2395 481 2473 Thessalonicenses
508 2399 642 2472 Christo
675 2401 717 2470 iis
748 2401 899 2472 nuntiato
927 2400 1025 2466 fidem
1054 2397 1219 2485 praebue-

152 2507 246 2591 rant,
281 2496 463 2590 eorumque
499 2509 534 2572 et
558 2503 789 2589 persuasionis
817 2511 853 2572 et
881 2502 1006 2572 amoris
1035 2494 1221 2568 Christiani

154 2549 401 2680 conslcntiarn,
435 2603 607 2694 bucusque
645 2605 732 2672 inter
767 2605 964 2674 vexationes
997 2601 1221 2690 gravissimos

152 2703 369 2800 praestitam,
402 2700 538 2772 insertis
567 2705 698 2796 quidem
725 2703 892 2804 pluribus,
926 2728 1012 2795 quae
1039 2703 1221 2798 adipsum
1276 2717 1281 2730 '

153 2791 354 2895 ¹Apostolr'rm
387 2807 575 2896 pertinent,
603 2816 774 2898 totamque
803 2817 838 2878 et
867 2806 1008 2900 docendi
1035 2814 1070 2874 et
1097 2803 1221 2895 agendi

153 2904 337 3025 rationem,
366 2929 432 2997 qua
460 2907 729 2980 Thessalonicae
757 2933 838 2984 usus
866 2893 997 2994 lucrat,
1031 2909 1065 2980 in
1097 2927 1223 2976 memo·

154 3006 240 3082 riam
275 3008 317 3080 iis
352 3018 525 3082 revocant.
570 3011 608 3084 C.
638 3011 665 3084 l
695 3010 745 3098 ll,
777 3035 810 3080 ι.
842 3010 918 3078 1
933 3007 993 3083 16.
1047 3006 1223 3092 Adnectit,

155 3130 243 3209 quac
266 3111 469 3180 desiderium
498 3111 688 3198 significent
715 3114 864 3182 intimum
894 3110 1224 3182 Thessalonicenses

155 3212 318 3296 adeundi,
347 3235 463 3280 curam
490 3214 645 3300 Apostoli
672 3214 846 3288 desoluto
875 3235 958 3282 vera
985 3215 1103 3280 horum
1124 3208 1222 3278 Chri-

112 3305 123 3318 ’
155 3313 339 3388 otiosorum
363 3315 519 3402 solliciti,
548 3339 639 3406 spem
668 3314 829 3384 laetam
820 3339 854 3387 m
884 3315 926 3387 iis
954 3315 1116 3402 positam,
1142 3318 1225 3384 vota

156 3414 229 3502 pia,
252 3413 370 3502 quibus
388 3416 498 3484 Deum
521 3415 685 3514 imploret,
708 3425 745 3483 ut
767 3439 826 3484 eos
847 3424 1007 3505 perpetuo
1030 3416 1225 3484 increscere

156 3517 270 3588 lubeat
297 3519 517 3612 persuasione
545 3541 628 3590 vera
655 3526 690 3586 et
716 3519 840 3588 virtute
871 3518 1073 3591 Christiano
1117 3515 1155 3585 C.
1178 3511 1226 3599 ll,

155 3642 188 3687 ι.
215 3615 387 3694 17-20
425 3619 464 3685 C.
486 3619 548 3692 lll
599 3619 758 3708 Sequitur
780 3641 889 3690 sermo
912 3617 1159 3698 exhortatorius
1182 3613 1242 3682 de'

156 3717 349 3816 praeceptis
385 3720 496 3816 vitoe,
531 3744 617 3819 quoe
645 3721 829 3811 Apostolus
863 3718 1229 3794 Thessalonicensibus

222 3965 253 4024 a)
271 3963 380 4026 Incolae
397 3958 477 4016 nutus
494 3963 569 4015 nrbts
587 3963 617 4014 ot
634 3963 770 4020 cuonone
789 3968 819 4016 ot
833 3963 1119 4028 lihidintcnsgnoporo
1136 3957 1229 4010 mem.

156 4049 230 4106 rtose
257 4051 406 4111 scriptores
429 4053 541 4100 veteres
565 4051 710 4100 testentur.
752 4047 810 4100 Cir.
832 4051 995 4111 procoeton
1018 4046 1145 4096 hectora
1166 4043 1229 4094 Lu·

158 4135 217 4190 ιιιιι
233 4134 294 4216 rivo
311 4125 404 4193 asum
421 4146 448 4192 ιι.
465 4134 587 4194 tro-uz.
629 4132 661 4188 Τ.
678 4131 727 4187 vl.
745 4132 788 4190 ed·
806 4136 911 4203 Binum,
927 4148 955 4200 n·
973 4132 1032 4189 1⁹1.
1050 4143 1109 4197 sqq.
