2724 4826
303 367 413 457 Epist.
436 365 465 434 l.
488 367 532 434 ad
554 365 730 436 Thessali.
753 367 791 436 (i
811 367 872 437 lv.
898 369 948 448 V..
962 367 1000 438 7.
1022 367 1060 438 8.
1139 367 1216 442 117
1240 356 1244 370 '

138 557 262 604 ameum
281 542 409 624 breviter
428 540 616 620 explicueris,
636 546 700 602 tere
720 541 739 603 i.
761 559 789 619 q.
811 539 942 605 διδόναι
963 565 1062 624 τινι,
1083 560 1126 619 pr.
1147 543 1214 616 rpi-

139 645 227 704 ritum
256 645 418 704 concedere
444 645 499 722 ita,
530 650 562 704 nt
595 645 693 703 veniat
718 647 757 704 ad
783 645 926 722 aliquem,
959 663 986 708 s.
1015 662 1052 704 ex
1077 646 1215 704 hebraico

137 761 221 806 more
240 729 376 821 loquendi
395 763 483 819 super
503 762 539 806 eo
559 746 647 804 veluti
668 746 812 823 quiescat,
832 749 895 806 dec.
914 750 968 826 11,
983 750 1014 807 2.
1036 751 1065 807 Ι.
1079 748 1212 808 Samuel.

138 849 191 924 19,
206 849 260 906 20.
296 849 373 906 Joel.
393 849 471 923 u,1.
492 850 524 906 2.
575 851 629 908 Sin
655 848 799 920 posterius
826 851 1022 936 praeferatur,
1053 842 1211 928 πνεύματι

135 940 195 1025 ἄν.
216 949 353 1008 universe
372 950 542 1008 minutiones
563 948 766 1008 saluberrimae
786 929 1003 1026 describuntur,
1032 965 1122 1025 quae,
1149 950 1210 1007 ileo

136 1051 254 1108 volente
274 1053 303 1108 et
323 1051 502 1127 moderante,
529 1065 582 1123 per
607 1051 738 1124 spiritum
760 1049 905 1125 didaum,
930 1052 961 1108 in
987 1049 1147 1112 hominibus
1172 1050 1212 1106 ad

136 1149 284 1210 Christum
306 1151 456 1220 conversis
477 1151 612 1208 accidunt
629 1150 696 1228 (vd.
718 1165 744 1208 c.
759 1149 788 1207 1.
807 1168 835 1208 v.
847 1150 877 1207 6.
899 1151 946 1212 Π.
961 1153 1047 1210 Com
1060 1152 1091 1227 1,
1103 1151 1156 1210 21.
1163 1165 1208 1226 sq.

134 1251 264 1325 Koppe
291 1267 355 1310 ero.
376 1253 430 1310 Vi.
458 1251 496 1310 ad
518 1251 626 1330 θαι),
652 1252 693 1310 ita
711 1255 743 1309 ut
762 1251 832 1312 vbi.
863 1244 920 1311 edu
946 1249 1002 1310 aci
1030 1245 1131 1312 idaea
1154 1255 1208 1310 eto.

132 1367 240 1411 novum
260 1355 408 1425 proterant
428 1357 637 1429 argumentum,
657 1368 713 1428 quo
733 1354 885 1428 doceatur,
910 1351 1062 1430 hominem,
1083 1353 1131 1428 qui
1152 1367 1207 1410 co-

132 1454 324 1516 hortationem
344 1457 381 1515 ad
401 1455 615 1514 sanctimoniam
630 1455 782 1530 spreverit,
803 1457 984 1512 contemnere
1000 1453 1094 1526 ipsum
1106 1457 1208 1529 Deum,

134 1557 241 1630 quippe
262 1539 311 1628 qui
331 1573 388 1617 nou
413 1559 523 1615 tantum
543 1555 581 1613 ad
600 1553 689 1614 vitam
709 1555 915 1614 emendandam
940 1570 994 1613 uos
1014 1559 1113 1614 sancte
1133 1563 1206 1628 pro'-

132 1658 285 1716 vocaverit
310 1671 364 1730 per
382 1657 474 1732 ipsam
494 1655 639 1732 evangeiii
660 1657 920 1731 praedicationem,
948 1659 1002 1714 aed
1025 1661 1101 1716 adeo
1126 1659 1207 1715 dunc

132 1759 230 1817 amnti
250 1759 349 1819 nostri
367 1773 543 1834 armumque
567 1759 803 1818 imputationem
820 1761 967 1833 perpetuo
994 1760 1115 1816 maaet
1135 1759 1203 1832 api-

130 1861 212 1917 ritas
230 1861 281 1918 orei
301 1863 429 1937 mrmttio,
447 1859 505 1919 nisi
525 1859 590 1933 quis
609 1858 755 1934 refragari
774 1855 897 1916 motibus
916 1859 1112 1918 saluberrimis
1131 1873 1204 1930 per-

131 1960 265 2019 tinaciter
291 1961 430 2038 volucrit,
454 1963 553 2035 upon.
573 1961 610 2038 4,
629 1963 683 2019 00.
731 1959 813 2018 Nihil
838 1961 914 2018 euim
941 1963 1000 2034 cst,
1034 1961 1108 2034 quod
1134 1959 1163 2017 h.
1184 1958 1204 2016 i.

132 2061 170 2118 de
191 2061 280 2138 solis,
306 2077 381 2137 quae
406 2059 634 2121 axnaordinada
654 2061 802 2136 dicuntur,
828 2061 946 2132 spiritus
967 2077 991 2118 s.
1012 2059 1094 2118 donis
1116 2059 1203 2136 cogi-

129 2162 187 2220 tari
213 2162 325 2240 iubeat,
353 2163 483 2238 quamvis
508 2162 587 2220 haud
612 2162 797 2239 negaverim,
825 2159 1037 2234 possessionem
1064 2177 1203 2234 usumque

129 2261 235 2322 horum
253 2256 469 2344 χαρισμάτων
490 2279 526 2322 ea
546 2263 583 2322 de
604 2278 693 2321 causa
711 2262 772 2321 inl.
792 2261 955 2336 praedicari
970 2259 1107 2337 potuisse,
1128 2261 1204 2333 quod
1306 2275 1310 2286 ·

129 2365 295 2424 maturitati
308 2365 423 2424 divinae
437 2363 583 2441 evangelii
597 2363 902 2423 rthessalonicensibus
921 2362 1028 2438 traditi,
1048 2363 1086 2420 ad
1099 2351 1201 2436 dyra-

132 2458 219 2544 oprdr
243 2465 442 2544 provocantis,
472 2465 662 2524 declarandae
687 2464 766 2525 haud
797 2481 898 2539 pamm
923 2462 1089 2523 inserviret.
1139 2463 1200 2520 Cir.

130 2567 235 2626 iilatt
254 2567 293 2624 ad
312 2565 342 2624 ir.
361 2568 383 2628 l.
430 2569 567 2628 Attamen
587 2582 640 2640 pro
667 2565 710 2632 stc
735 2555 828 2645 ἡμᾶς
853 2567 1022 2648 auctoritato
1049 2562 1201 2622 multorum

130 2667 217 2727 codd.
238 2682 426 2745 peccorum,
446 2669 477 2728 io
497 2669 599 2744 qadim
620 2671 687 2727 suot
704 2667 935 2744 praestantiores,
953 2665 1117 2746 versionum
1137 2665 1198 2721 Pe-

128 2768 226 2827 selrito
252 2773 282 2828 et
309 2771 419 2830 Arabb.
445 2771 570 2845 itemque
600 2769 722 2830 duorum
749 2769 833 2826 codd.
860 2767 1016 2842 versionis,
1041 2780 1116 2841 quae
1141 2765 1199 2824 dio.

127 2869 218 2947 itala,
242 2869 359 2944 Didymi
379 2875 409 2930 et
426 2867 657 2950 Ambrosiastri)
678 2887 743 2929 noa
764 2869 918 2929 Clementis
938 2867 1028 2927 Alex.
1053 2865 1102 2942 qui
1130 2866 1150 2924 l.
1170 2863 1201 2922 d.

127 2975 259 3032 strom
291 2989 320 3046 p.
339 2969 413 3030 608.
440 2973 487 3030 ed.
516 2973 596 3044 sylb.
629 2973 800 3046 scriptuarum
832 2971 927 3046 potius
957 2968 1040 3044 vrdg.
1067 2965 1200 3042 exhibet)

128 3073 248 3150 plures,
278 3073 436 3151 Bengel,
467 3073 670 3150 Matthaei,
700 3071 847 3148 Koppe,
880 3071 1031 3146 Knapp,
1062 3069 1201 3140 vater,

128 3175 213 3234 Peli
239 3175 301 3250 legi
321 3177 480 3234 maluerunt
509 3173 565 3240 cir
592 3166 716 3254 ὑμᾶς,
746 3189 829 3248 quam
855 3173 954 3245 script.
981 3165 1199 3228 tiriesbacir.

129 3291 231 3350 parem
259 3281 339 3334 certe
364 3277 502 3352 vulgatae
530 3275 676 3334 iudicavit.
726 3273 971 3332 Oecamenius
998 3285 1126 3344 quoque,
1152 3266 1201 3325 ubi

129 3380 222 3438 verita
241 3381 376 3436 conexa
394 3378 571 3452 suppeditat,
596 3377 670 3452 legit
699 3365 807 3454 ὑμᾶς,
825 3371 863 3436 in
889 3374 955 3446 ipsa
974 3371 1088 3446 quidem
1107 3369 1200 3428 iuter-

128 3479 291 3556 pretaiione
310 3478 409 3538 verbis
435 3495 521 3536 musa
547 3471 583 3538 τό
612 3467 666 3553 ἄν.
693 3475 820 3555 ursina
849 3470 942 3535 idaiae
968 3463 1072 3552 ἡμῖν.
1123 3471 1201 3533 Seu,-

129 3581 219 3640 tentia
239 3581 340 3640 Mem
360 3579 468 3655 prodit,
494 3595 579 3653 quam
598 3578 749 3636 lectionem
768 3577 850 3652 vulg.
872 3565 964 3653 ἡμᾶς
983 3573 1106 3631 tundere
1124 3570 1201 3630 vidi-

130 3699 210 3758 mua,
235 3683 264 3741 sl
287 3682 362 3740 lraeo
382 3682 420 3739 de
440 3679 612 3740 christianis
630 3677 781 3753 universe,
808 3676 933 3749 Spiritus
954 3675 1012 3732 div.
1040 3671 1200 3731 etdcaciam

130 3783 207 3842 intus
228 3785 440 3856 experientibus
459 3781 603 3840 intellecta
622 3781 718 3839 tuerit.
759 3778 859 3844 Facile
878 3779 965 3852 patet,
984 3776 1041 3832 hoc
1055 3773 1096 3836 cic
1112 3763 1201 3852 ὖμᾶς

130 3879 224 3958 aeque
243 3882 415 3956 Apostolum
435 3885 554 3958 duaque
573 3883 689 3956 socios,
714 3895 808 3955 neque
828 3880 941 3941 omnino
961 3877 1033 3934 alios
1055 3873 1200 3931 Christia-

130 4001 185 4044 nos
204 3985 369 4044 excludere.
412 3985 489 4060 scd,
509 3984 745 4058 quemadmodum
764 3983 872 4042 Paulus
897 3995 928 4038 v.
951 3977 980 4034 0.
1008 3973 1199 4032 't'hessdooi-

131 4087 268 4147 condona
295 4088 421 4146 dixerat:
447 4101 502 4144 vos
528 4087 585 4149 iam
605 4086 675 4142 satis
695 4083 790 4141 edocti
811 4081 895 4155 estis,
921 4077 1094 4136 voluntatem
1122 4074 1201 4131 divi·
1244 4131 1247 4138 Δ

133 4203 198 4248 uara
218 4187 276 4247 lruc
301 4192 452 4264 spectare,
475 4192 508 4249 ut
536 4185 739 4247 acrimoniae
766 4183 920 4258 surdum,
946 4180 986 4239 tta
1014 4177 1098 4236 etiam
1123 4174 1152 4236 ir.
1180 4174 1203 4235 l.
