2744 4824
500 402 814 492 Prolegomene.
1124 401 1207 474 29⁷
1286 359 1291 372 ὓ

130 575 259 644 suisset
280 572 503 662 evangelium,
522 575 589 642 ium
611 574 726 643 altero
742 577 819 642 ua'oe
837 591 898 640 eos
917 571 984 642 duc
1003 575 1083 664 epea
1104 577 1207 646 adeat

132 678 305 765 φωνῶν
339 677 379 744 Ιιι
410 676 506 743 libris
536 675 658 766 quippe
688 675 731 744 N.
762 675 808 743 T.
842 671 1206 762 εὐαγγελίζεσθαι

131 799 270 868 semper
290 779 459 864 dicuntur,
481 775 538 867 qni
559 799 622 845 ore
641 779 780 844 tradunt
800 778 987 847 doctrinam
1006 779 1101 849 laete
1121 803 1206 851 nnn·

129 883 285 950 tientem.
326 881 400 948 Neo
419 880 720 968 petet,·quomodo
741 879 829 948 bueo
850 881 1014 968 epistole,
1042 891 1128 974 quas
1149 905 1206 953 ιο.

131 979 319 1071 gnitionem
339 981 444 1048 totino
466 984 510 1050 de
532 979 667 1048 (ibristo
697 981 872 1049 doctrinae
899 983 1100 1052 Galatarum
1128 1007 1206 1054 coes

131 1085 184 1154 tui
212 1084 279 1152 ulio
306 1092 460 1170 tempore
486 1082 735 1170 suppeditatum
763 1083 877 1170 ponit,
900 1105 1020 1175 neque
1046 1086 1113 1155 nisi
1140 1087 1207 1158 boc

133 1187 225 1275 egit,
258 1192 297 1254 ut
324 1207 461 1254 errores
487 1185 681 1253 refutentur
712 1183 910 1273 perfectiori
938 1186 1207 1259 Christianorum

133 1289 319 1378 cognitioni
347 1298 384 1359 et
409 1287 561 1354 libertati
582 1309 686 1356 verae
715 1285 938 1374 evangelicae
964 1299 1206 1381 repugnantes,

133 1393 203 1462 dici
223 1391 373 1481 potnerit
398 1389 511 1458 altera
536 1388 613 1460 vioe
640 1384 917 1476 εὐαγγελίζεσθαι.
964 1391 1041 1459 Non
1068 1392 1208 1480 probus·
1344 1437 1348 1447 ι

133 1502 229 1582 sent,
258 1494 394 1583 opinor,
425 1491 632 1584 interpretas
657 1489 788 1560 laudati
814 1493 906 1560 bunc
926 1492 994 1562 loci
1016 1493 1207 1583 explicandi

131 1597 314 1683 rationem,
334 1594 401 1664 nisi
422 1594 642 1682 argumentis,
664 1615 751 1684 quae
773 1596 975 1664 seutentiam
998 1597 1041 1665 de
1063 1594 1208 1684 epistole

134 1700 180 1770 ud
202 1698 345 1766 (inlatas
366 1697 467 1786 paulo
488 1706 566 1785 post
588 1699 745 1786 prebemus
766 1698 924 1786 Apostoli
951 1699 1020 1766 iter
1045 1697 1080 1766 in
1103 1697 1208 1766 Gele-

132 1803 218 1871 tium
243 1801 372 1868 fectum
398 1800 523 1868 litteris
556 1798 760 1887 consignata
786 1803 1024 1869 commendere
1049 1799 1209 1873 videren-

131 1911 207 1994 tur,
234 1903 372 1972 nimium
392 1901 600 1971 tribuissent.
647 1904 702 1971 Ac
722 1901 865 1992 primum
887 1905 1022 1993 quidem
1043 1923 1208 1990 provoce-

132 2013 206 2074 tum
232 2013 286 2074 est
306 2006 352 2072 ed
371 2006 478 2074 verba
497 2005 598 2074 buius
624 2003 788 2092 epistolae
811 2005 845 2092 l,
864 2003 903 2074 6.
930 2004 987 2074 ubi
1008 2004 1138 2074 Paulus
1166 2025 1206 2073 ee

131 2106 250 2177 mirer-i
272 2106 465 2195 prolitetur,
493 2107 582 2196 quod
604 2105 751 2174 Galatea
779 2106 823 2174 ab
844 2097 1040 2197 incorrupte
1067 2115 1104 2176 et
1124 2128 1208 2177 rere

133 2209 304 2296 euangelii
325 2209 496 2296 doctrine,
517 2207 727 2276 sermonibus
749 2209 924 2278 doctorum
944 2208 1115 2280 Judeismi
1136 2217 1207 2277 etn-

134 2313 318 2380 dioslornm
341 2313 488 2400 decepti,
511 2304 617 2380 οὕτω
641 2313 799 2406 ταχέως
820 2313 864 2384 ed
886 2333 1021 2380 errores
1037 2309 1207 2380 deliciunt.

132 2415 340 2485 Existimant
360 2413 500 2503 quippe,
523 2413 587 2482 boc
609 2417 767 2503 ταχέως
796 2413 841 2481 nd
870 2413 1125 2484 couversionem
1152 2435 1207 2482 re·

133 2519 269 2607 spicere
291 2515 508 2604 Galatarum,
533 2537 599 2586 neo
619 2515 782 2604 Paulum,
808 2516 838 2584 si
866 2517 993 2603 diutius
1020 2524 1100 2605 port
1126 2537 1207 2583 eon·
1243 2559 1249 2568 -

133 2621 325 2692 versionem
352 2617 461 2705 illam,
491 2641 591 2709 quum
619 2618 731 2686 alteru
750 2618 827 2688 vice
848 2617 937 2688 inter
958 2617 1103 2686 (inlatas
1122 2617 1206 2687 t'uis·

134 2731 207 2812 set,
242 2723 331 2788 bano
359 2720 535 2809 epistolam
564 2723 607 2790 ed
636 2729 771 2789 coetum
796 2719 892 2790 illum
920 2721 1089 2808 dedisset,
1117 2724 1208 2790 coice·

132 2826 230 2892 mode·
246 2823 592 2914 persuaderemus
619 2821 841 2892 deiectionem
869 2845 986 2892 eornm
1006 2830 1127 2892 notere
1147 2841 1209 2912 po·

133 2927 254 2995 tuisse.
298 2925 426 2996 Verum
453 2933 492 2995 ut
519 2934 671 3012 taceam,
701 2923 930 3013 Christianos,
953 2927 1010 3017 qui
1038 2933 1119 2995 ente
1146 2924 1208 2992 de-

133 3053 208 3102 cem
234 3029 290 3098 vel
326 3029 505 3098 duodenis
532 3049 640 3100 camec
659 3028 704 3096 ed
725 3027 898 3097 Christum
925 3025 1084 3098 conversi
1113 3035 1207 3116 post-

135 3131 203 3200 bee
231 3151 367 3200 errores
389 3129 535 3218 amplexi
563 3129 690 3199 fuerint
717 3130 760 3198 ab
788 3129 900 3200 indole
927 3152 1011 3200 vere
1037 3119 1208 3216 evangelii

135 3235 285 3321 alienos,
313 3233 403 3301 bend
424 3232 537 3321 inepte
559 3231 627 3300 dici
653 3253 735 3301 mox
760 3233 930 3303 defecisse
959 3231 1108 3321 (ratione
1135 3231 1209 3320 qui·

136 3341 213 3407 dem
234 3336 377 3404 aliorum
398 3334 666 3403 (ibristienorum
692 3335 827 3424 babitu,
850 3336 905 3426 qui
927 3333 1052 3404 diutius
1073 3333 1109 3400 in
1130 3353 1207 3422 pro·

133 3439 285 3508 sessione
318 3437 493 3506 doctrinae
522 3437 737 3525 incorruptae
767 3439 972 3525 stetissent);
1002 3459 1047 3504 ne
1075 3441 1208 3504 certum

134 3541 269 3641 quidem
291 3547 356 3628 est,
377 3538 577 3628 Apostolum
593 3539 680 3607 boec
701 3540 751 3606 ite
772 3541 979 3626 enuntiasse,
1000 3545 1039 3606 ut
1061 3539 1105 3606 ed
1127 3558 1208 3604 oon.

134 3643 325 3715 versionem
354 3641 554 3710 Galatarum
590 3641 791 3730 respiceret.
849 3641 1048 3734 Quanquam
1085 3641 1209 3728 ταχέως

134 3747 226 3822 band
247 3766 326 3813 raro
347 3743 543 3830 adhibetur,
570 3743 628 3812 ubi
655 3745 698 3812 do
718 3743 863 3811 termino
884 3743 1047 3832 temporie
1075 3741 1208 3828 cogita·

135 3859 216 3937 tur,
252 3869 316 3937 qno
353 3840 471 3934 elapso
510 3845 637 3934 aliquid
676 3845 842 3914 acciderit
876 3853 937 3914 aut
972 3845 1123 3914 futurum
1160 3843 1208 3911 sit

134 3953 192 4034 (1.
217 3950 319 4019 Corr-
332 3946 373 4035 4,
389 3943 451 4015 19.
473 3948 525 4014 od
544 3947 705 4036 Philipp.
724 3945 762 4034 2,
785 3941 847 4014 1⁹.
867 3944 966 4034 24),
993 3967 1060 4014 non
1081 3944 1207 4032 ubique

133 4063 247 4122 tamen
276 4053 320 4118 ed
348 4051 513 4118 eiusmodi
540 4050 718 4118 terminum
746 4048 912 4135 refertur,
940 4049 1002 4116 sed
1031 4045 1134 4114 etiem
1163 4047 1207 4112 de
1239 4127 1241 4132 Ι

134 4177 176 4224 eo
198 4159 392 4241 usurpetur,
414 4153 470 4244 qui
492 4151 620 4242 aliquid
639 4151 724 4219 lacit
743 4153 820 4219 etse
839 4144 1205 4238 mereshem.1ti,ti.)

134 4255 437 4340 sivefieuiaoater
450 4252 530 4338 (Je.
548 4253 611 4342 11,
624 4253 706 4340 at.)
719 4253 769 4322 ita
788 4261 827 4320 nt
848 4251 991 4320 subinde
1013 4250 1206 4320 adiunctam
