2724 4826
259 337 417 476 epten
440 389 484 455 ao
505 385 678 456 rossano.
702 386 741 454 ο.
763 386 827 455 ιιι.
849 386 893 457 v.
913 383 1061 456 o-to.
1121 388 1195 456 ιιι

127 563 236 625 tlonmn
257 563 442 640 implentur),
469 565 516 622 ll.
530 563 615 623 corr.
630 564 664 643 9,
678 563 728 622 13.
760 553 979 644 (ὑστερήματα
1005 565 1068 626 τῶν
1097 555 1199 642 ἁγίων

128 665 149 724 i
170 682 200 739 q.
219 681 275 739 en,
295 667 398 740 quihus
418 663 591 739 Christiani,
609 665 694 738 ‘quod
713 665 791 722 vitoe
810 665 997 723 nenessitates
1016 671 1130 740 attinet,
1149 666 1200 723 in-

129 765 274 844 ugent);
295 770 344 826 nel
361 767 392 824 id
412 765 521 842 ipsum,
542 769 623 842 quod
643 769 746 843 deest‘,
764 767 846 827 ouius
867 767 993 824 absentis
1014 766 1202 840 desideretur,

129 869 395 946 l.Corr.16,17.
424 869 552 942 Philipp.
570 870 604 944 2,
623 869 676 924 oo.
724 867 785 924 sed
805 869 891 926 lecito
911 873 1004 944 potet,
1032 885 1118 941 quum
1145 863 1200 926 nl-

131 987 201 1034 στις
223 970 290 1042 ipss
311 969 481 1028 Christianis
502 967 821 1044 Thessalonicensibus,
848 987 876 1026 v.
899 969 929 1026 6.
951 970 981 1026 7.
1003 969 1132 1027 enoomio
1151 968 1201 1026 in·
1241 995 1242 1000 .

130 1071 211 1146 signi
231 1067 355 1152 ornetis,
382 1071 497 1128 minime
517 1071 646 1146 deesset,
672 1069 741 1126 huie
761 1071 825 1128 loeo
846 1071 958 1128 nonnisi
983 1071 1108 1143 priorem
1129 1085 1199 1126 eon-

128 1173 230 1231 venire
264 1172 386 1248 genitivi
412 1173 611 1248 signidentum.
661 1167 928 1248 Καταριίζιιυ
955 1165 1000 1230 τοὶ
1037 1163 1201 1248 deiopei-

129 1294 239 1353 ματα
265 1275 336 1346 τῆς
356 1270 531 1349 πίστεως,
553 1275 580 1332 si
599 1289 715 1331 sensum
734 1273 922 1348 spesoveris,
941 1274 960 1330 i.
982 1289 1010 1346 q.
1033 1291 1201 1352 προσανα-

130 1373 277 1454 πληριῦυ
312 1373 637 1453 (11.corr.o,1s.)
659 1379 714 1432 eto.
748 1375 887 1446 perfluere
920 1374 1043 1432 indolem
1074 1369 1201 1437 σι’σιεως

130 1477 299 1548 supplendis
319 1477 365 1550 iis,
387 1493 460 1550 quse
480 1476 629 1548 hueusque
650 1477 801 1546 defuerint.
843 1477 950 1534 Verbis
971 1475 1119 1534 simillimis
1140 1474 1199 1544 Ap.

131 1578 308 1635 desiderium
329 1578 507 1636 Christianos
527 1575 672 1636 Romanos
698 1579 821 1636 adeundi
849 1579 998 1650 protessus
1018 1581 1063 1635 est
1082 1579 1197 1636 nomn

135 1681 238 1758 1,11.
268 1657 349 1736 xSuis
368 1679 459 1751 ipsius
486 1677 637 1736 desideriis
657 1684 687 1738 et
707 1681 854 1738 conditius
873 1679 961 1736 veluti
981 1678 1097 1750 opponit
1115 1679 1201 1748 Apo-

131 1782 223 1838 stolus
251 1779 301 1854 (nt
319 1786 400 1838 reete
425 1780 497 1838 vidit
522 1781 605 1838 Pell
631 1779 669 1838 nd
693 1779 722 1838 h.
744 1781 790 1858 i.)
817 1795 848 1837 v.
870 1780 920 1836 11.
947 1773 1058 1843 Αὐτὸς
1085 1775 1117 1838 δὲ
1144 1785 1200 1838 eto.

130 1883 186 1940 liei
207 1887 236 1939 et
256 1883 331 1940 lesu
353 1880 476 1956 christi,
496 1881 643 1954 participis
663 1883 768 1954 qnippe
788 1881 1003 1958 gubernationis
1024 1897 1121 1939 rorum
1140 1881 1201 1939 hu-

104 2015 106 2018 ·
131 1999 290 2058 munorum,
310 1983 477 2054 proesertim
492 1983 726 2058 Christianorum,
746 1984 871 2057 divinoe,
890 1983 1043 2055 potentium
1063 1999 1200 2041 summunt

132 2090 162 2144 et
182 2087 372 2158 voluntatem,
391 2085 439 2142 eui
458 2099 577 2156 prorsus
598 2084 733 2142 committi
759 2088 887 2156 oportent
907 2085 1046 2158 cuiusque
1066 2085 1152 2156 optati
1173 2088 1202 2142 et

133 2188 247 2244 consilii
272 2186 389 2242 hnmani
410 2189 551 2244 eventum.
599 2186 672 2260 ipse
691 2200 762 2244 nero
781 2187 884 2264 Βουι,
910 2189 1046 2262 &empne
1065 2193 1202 2244 nostrum

132 2290 266 2347 onusium
275 2293 365 2360 pater
375 2293 429 2346 eto.
448 2302 546 2346 οισοοι
566 2288 608 2346 od
627 2299 680 2344 σοι
699 2287 916 2367 dirigendam,
935 2289 1016 2362 texit,
1027 2292 1059 2344 ut
1070 2304 1135 2345 mox
1148 2289 1199 2343 le-

133 2389 242 2463 lioiter,
267 2388 376 2460 nhsque
396 2387 595 2459 impedimento
624 2385 669 2462 (ι.
690 2385 720 2444 2.
748 2403 777 2446 v.
800 2387 870 2466 18.)
897 2405 951 2448 vos
977 2391 1057 2448 odire
1083 2389 1199 2461 possim.
1319 2392 1330 2410 '

134 2489 245 2569 [lineis
266 2489 434 2548 indusimus
452 2481 599 2567 χρισιδς,
627 2503 712 2561 quum
733 2489 763 2546 in
783 2493 924 2548 nonnuliis
945 2493 1027 2550 oodd.
1050 2492 1079 2548 in
1101 2492 1203 2562 quihus

130 2596 198 2648 sunt
217 2589 309 2650 Alco.
335 2591 431 2649 Valle.
457 2592 636 2650 cleremonl.
663 2589 874 2669 uniuersus]
922 2584 1202 2653 Κασιυθῦνσιν

133 2693 152 2751 i.
174 2709 203 2767 q.
223 2695 347 2766 locere,
366 2694 398 2748 ui
418 2692 525 2765 aliquid
545 2698 654 2750 rentum
666 2693 728 2768 sii,
748 2709 773 2750 s.
795 2696 874 2750 reete
893 2695 1043 2769 procedat,
1064 2695 1204 2776 dirigere,

133 2797 209 2856 lruo.
233 2811 277 2852 en.
298 2795 331 2872 1,
347 2796 399 2851 79.
442 2794 594 2853 Plutarch.
627 2796 661 2854 Τ.
681 2796 740 2853 IV.
764 2811 796 2868 p.
816 2797 870 2852 80.
895 2797 941 2852 ed.
969 2796 1069 2854 Reisk.
1119 2796 1203 2855 Unde

134 2897 212 2952 viem
234 2896 292 2952 dio.
318 2890 541 2968 κατευθύνειν,
568 2896 616 2968 qui
636 2900 743 2954 rentem
764 2895 836 2954 inuit
859 2900 888 2952 et
907 2897 1033 2971 plenum,
1058 2898 1098 2953 ito
1118 2912 1202 2954 oom-

133 3001 278 3080 ριιοιορι,
304 3001 335 3052 ut
355 2997 463 3067 absque
489 2997 695 3069 impedimentis
722 3000 751 3058 et
771 2997 938 3080 nmhugihus
963 2999 1019 3056 han
1044 2999 1094 3054 vin
1117 2999 1203 3055 lineet

131 3097 288 3172 prodeunt,
307 3097 463 3169 oppositum
484 3114 613 3172 asperae,
634 3114 750 3172 ourvue,
768 3102 921 3157 tortuosae.
949 3100 1081 3157 Formam
1103 3119 1205 3176 κατ-Ι

133 3192 305 3259 ευθύναι
334 3202 363 3254 et
381 3197 411 3254 h.
433 3197 451 3255 i.
474 3203 502 3254 et
522 3202 568 3259 Π.
587 3201 728 3258 Thessali.
749 3201 783 3276 3,
802 3203 832 3258 ὅ.
862 3216 916 3258 non
943 3190 1111 3260 intinitiuum
1135 3215 1204 3258 esse

134 3315 188 3372 pro
219 3299 388 3370 imperativo
415 3301 552 3374 positum
583 3303 635 3362 sed
661 3317 814 3372 personam
841 3300 871 3358 3.
904 3303 1011 3375 singul.
1044 3301 1143 3358 norisii
1170 3300 1200 3358 1.

133 3403 220 3473 optet.
242 3405 321 3458 reete
342 3401 414 3458 vidit
434 3403 566 3460 Winor
589 3405 777 3462 Grononotllr
797 3409 851 3462 eto.
873 3404 918 3459 ed.
940 3405 993 3459 111.
1015 3418 1044 3472 p.
1066 3401 1137 3458 273.

219 3502 274 3560 nis
295 3505 374 3558 orote
395 3495 530 3560 oohee'ret
554 3509 651 3562 votum
680 3505 758 3576 pium
783 3504 859 3578 qnod
878 3503 1035 3578 Apostolus
1060 3517 1113 3578 tiro
1138 3503 1202 3576 ipso
1279 3577 1280 3586 ρ

134 3605 220 3663 coetu
241 3601 539 3660 'thessalonicensium
559 3605 638 3663 lenit.

218 3696 262 3767 V·
290 3695 430 3766 1213.
470 3693 576 3785 Ὑμοῖς
597 3704 631 3768 di
647 3696 665 3767 ὁ
682 3699 794 3788 κύριος
813 3696 993 3770 πλεονάσαι
1013 3706 1068 3768 καὶ
1089 3723 1201 3790 ιιιρισ-

177 3795 295 3868 σεύσαι
326 3801 365 3891 τῇ
386 3795 497 3894 ἇγσίσιῃ
521 3798 566 3880 ιίς
587 3798 747 3885 ἀλλήλους
769 3801 890 3883 καλεῖς
910 3807 1057 3882 πάντας,
1084 3801 1201 3870 καθά-

175 3905 314 3990 περκαὶ
336 3897 429 3988 ἡμεῖς
447 3901 493 3984 ιίς
513 3901 616 3991 ὑμᾶς·
643 3911 693 3986 (v.
718 3905 797 3990 13.)
819 3903 863 3986 είς
881 3905 919 3974 τὸ
940 3907 1089 3996 στηρίξαι
1109 3901 1201 3994 ὑμῶν

176 4000 238 4081 τὰς
270 4005 427 4092 καρδίας,
457 4004 646 4095 ἀμέμπτους
672 4010 706 4077 ἐν
735 4004 901 4103 ἁγιωσύνῃ
929 4009 1114 4099 ἔμπροσθεν
1141 4011 1201 4076 τοῦ

176 4109 266 4174 θεοῦ
282 4111 338 4173 καὶ
354 4105 479 4194 πατρὸς
493 4104 585 4194 ἡμῶν
602 4111 636 4176 ἐν
655 4113 696 4203 τῇ
715 4113 882 4202 παρουσίᾳ
894 4110 961 4180 σοῦ
978 4112 1093 4205 κυρίου
1108 4109 1201 4200 ἡμῶν

173 4203 287 4288 Ἰησοῦ
307 4208 543 4296 potenninus
564 4213 629 4280 τῶν
649 4207 752 4299 ἁγίων
771 4209 892 4281 αὐτοῦ.
