2734 4820
173 385 253 482 ψ
322 386 430 484 Epist,
452 385 499 480 ll.
522 387 567 480 ad
587 385 764 478 Thessali.
787 385 825 454 o
845 385 891 456 ll.
929 386 970 458 tl.
994 385 1031 456 3.
1053 386 1092 464 4.

172 581 237 624 nom
258 561 404 650 etaerbis
424 581 504 642 seqq.
535 561 658 646 inaximo
677 551 920 624 encnnnarenn
939 579 1006 624 esse
1026 567 1055 646 et
1074 562 1130 640 ipsi
1150 565 1242 627 verbo

173 659 435 752 ὕσεραίρεσθαι,
463 667 568 741 quippe
588 668 665 742 qnod
685 667 777 726 oculis
797 667 879 742 quasi
899 665 1037 743 depingat
1056 669 1163 727 testum
1182 685 1240 727 rre-

172 771 289 853 iuudmu
309 767 450 844 hominis,
474 768 526 848 qui
545 768 621 826 rrltra
641 769 763 844 quodvis
784 773 914 828 sanctum
942 771 972 826 et
998 767 1126 826 divinum
1151 769 1243 830 veluti

172 871 355 950 adscendere*
370 870 494 946 nitatur;
510 871 571 948 ¹etsi
590 885 661 929 usus
681 869 815 944 loquendi
834 871 913 929 houd
932 869 1084 946 inpediat,
1104 885 1159 944 quo
1180 871 1240 930 mi-

171 987 226 1040 nus
247 987 312 1032 cum
331 968 472 1046 Koppio
493 969 614 1048 aliisque
634 962 774 1032 vertatur:
796 969 845 1046 qni
864 987 932 1030 sese
951 973 1049 1030 efferet
1063 979 1169 1032 contro
1185 977 1241 1031 etc.

172 1075 358 1154 Moab-¹10,
376 1075 431 1133 21.
464 1072 566 1152 Mare.
579 1075 683 1150 o,24.
731 1073 877 1133 consulto·
893 1071 1011 1146 scripslt
1035 1073 1142 1132 Paulus
1174 1070 1242 1135 ἐπὶ

5 1185 8 1192 ’
71 1169 74 1178 ’
172 1169 303 1236 πάντα
326 1167 546 1254 λεγόμενον
568 1167 1243 1254 θεὸν,σσισ,σαὶνοτὶσεὶωοᾱὶσίσπ1)οσε,

172 1277 486 1351 mantuanensium,
513 1276 621 1355 pariter.
639 1278 803 1354 intelligens
823 1281 909 1352 atque
929 1291 995 1354 eos,
1016 1278 1064 1350 qui
1083 1278 1158 1338 tuter
1177 1292 1239 1352 pa-

173 1393 444 1460 ganosperperam
472 1379 520 1438 bii
542 1377 701 1454 habentur,
733 1379 952 1457 I.Gorr.8,d.
1002 1379 1080 1437 Cirr.
1105 1379 1242 1456 Koppe,

172 1479 562 1562 Flatt,11eydenreioh
588 1494 617 1554 p.
639 1479 691 1537 29.
739 1478 821 1550 Quod
847 1481 1003 1556 Benson,
1028 1479 1240 1560 Michaelis,

94 1663 95 1666 Ἴ
170 1561 433 1660 Reumgortep‚
454 1581 558 1656 aliique
572 1582 777 1658 *conieceruoss
803 1573 908 1660 λεγὸμ.
930 1575 1017 1644 Orda*
1037 1587 1067 1640 et
1086 1579 1239 1664 σέβασμα

170 1684 201 1742 h.
212 1684 231 1740 l.
243 1685 437 1760 magistratus
457 1683 587 1760 innuere,
606 1699 706 1764 reges,
725 1683 923 1760 imperatores,
942 1684 1147 1773 quumnefisqq
1166 1687 1240 1743 snb-

125 1849 129 1856 ,
170 1785 239 1844 inde
265 1787 302 1844 de
321 1781 483 1844 hominibus
508 1785 658 1862 obveniat,
684 1784 732 1859 qui
752 1785 807 1842 llei
832 1783 914 1844 vices
939 1785 970 1842 in
995 1784 1052 1844 bac
1075 1789 1155 1844 terra
1179 1801 1239 1862 ge-

167 1883 239 1946 'runt
257 1887 451 1964 (Emoda,
463 1887 494 1944 7.
508 1899 552 1962 sq.
578 1887 696 1964 Paos,
711 1886 738 1945 1.
753 1885 805 1962 6.)
827 1889 857 1943 et
877 1887 1019 1946 Caesares
1039 1886 1162 1945 Romani
1181 1902 1239 1959 ap-

171 1987 268 2062 pellati
292 1987 401 2049 merim
428 1984 576 2068 σεβαστοὶ
604 1985 706 2064 (dett.
720 1989 777 2066 25,
789 1987 841 2046 21.
855 1986 931 2064 25.)
938 2027 948 2064 ,
971 2003 1072 2059 pamm
1098 1989 1238 2060 probabi-

173 2093 219 2148 tur
240 2089 277 2165 ei,
297 2089 347 2163 qul
366 2088 456 2148 verba
475 2103 554 2166 seqq.
575 2092 711 2146 accurate
731 2089 890 2151 contuderit.
930 2088 1033 2162 Neque
1047 2105 1111 2148 cum
1123 2090 1238 2148 Noes-
1270 2117 1281 2132 =

172 2192 266 2252 selto
287 2191 306 2248 l.
326 2191 347 2248 l.
372 2207 401 2264 p.
422 2189 493 2247 281.
509 2205 556 2264 sq.
579 2190 814 2266 existimaverim,
840 2193 955 2264 praeter
974 2191 1144 2264 impietatem
1165 2207 1240 2267 erga

173 2295 266 2351 ileum
286 2294 377 2354 mmet
395 2292 520 2352 describi
541 2296 710 2350 contemtum
730 2307 834 2367 regum
859 2294 983 2352 omnium
1009 2308 1045 2352 ac
1069 2292 1239 2366 principun.

173 2395 274 2454 laectio
294 2395 346 2454 παῖ
353 2413 371 2456 ν
392 2389 432 2452 sd
457 2391 527 2468 (pro
547 2388 693 2470 πάντα),
711 2409 785 2468 quae
804 2395 879 2468 apud
899 2397 1062 2454 Ircnoenmo
1083 2397 1112 2451 at
1134 2400 1240 2470 potres

174 2499 311 2570 quosdam
332 2497 459 2573 Ictinos,
483 2494 607 2570 itemque
626 2494 656 2551 in
676 2510 754 2552 vers.
776 2495 862 2570 γαῖα.
884 2494 1146 2572 exprimiturqntsi
1164 2497 1241 2552 torte

173 2599 277 2654 latinus
295 2597 435 2674 interpres
455 2597 485 2652 et
503 2600 600 2668 patres
620 2595 669 2652 lat
693 2595 840 2672 vulgatam
865 2597 932 2654 lect
951 2593 1060 2657 adesa
1085 2598 1171 2670 paulo
1196 2597 1237 2654 li-

174 2699 270 2767 berius
288 2701 397 2756 tantum
416 2697 627 2775 transtulerint)
653 2697 900 2792 interpretamento
928 2700 1055 2758 debetur.
1102 2700 1148 2758 llo
1173 2714 1240 2756 voe.

175 2794 372 2879 σέβασμα,
393 2813 438 2870 pr.
460 2798 533 2872 qnod
555 2799 670 2876 colitur,
691 2804 820 2864 sanonum
839 2799 975 2877 habetur,
995 2801 1150 2873 disceptari
1170 2804 1238 2872 pot·-

174 2902 238 2976 est,
267 2903 367 2964 ,utrum
397 2899 426 2959 b.
452 2899 472 2958 l.
503 2899 617 2958 Numen
658 2901 734 2980 quod
766 2901 868 2960 colitur
902 2902 1065 2978 significet,
1102 2903 1239 2976 Septem.

176 3002 235 3080 14,
248 3004 301 3059 20.
324 3001 418 3076 (quod
438 2999 568 3074 plerique
587 3003 648 3059 lntt.
669 3005 826 3080 statuunt),
846 3002 1045 3062 anetusnoni
1064 3017 1133 3076 rem,
1156 3017 1240 3078 quae,

173 3117 264 3178 quum
289 3101 407 3162 Numini
433 3103 552 3162 colendo
581 3103 732 3178 inserviet,
762 3104 826 3175 ipsu
855 3104 994 3163 habeatur
1019 3108 1128 3178 sancta,
1152 3119 1183 3166 n.
1212 3119 1239 3162 o.

94 3239 104 3248 -
172 3204 288 3282 templa,
306 3218 382 3279 aras,
401 3208 519 3280 abtum,
539 3206 592 3262 cir.
613 3204 828 3284 Actl.17,23.
844 3205 948 3282 (nolim
968 3205 1144 3280 quippeh.l.
1162 3207 1241 3264 idola

171 3303 335 3382 intelligere
354 3308 431 3381 ipsa,
457 3320 543 3380 quum
568 3306 658 3364 verba
677 3305 759 3364 Pauli
783 3322 862 3381 seqq.
887 3294 978 3386 εὗρον
1004 3302 1074 3364 καὶ
1099 3300 1238 3388 βωμὸν

172 3411 228 3464 etc.
248 3409 335 3486 multo
355 3407 451 3479 potius
470 3407 618 3482 suadeant,
638 3411 670 3466 ut
689 3421 779 3468 saera
798 3407 828 3466 h.
837 3409 857 3465 1.
878 3401 1071 3488 σεβάσματα
1092 3407 1150 3464 dici
1171 3409 1238 3466 exi-

148 3545 151 3556 ·
172 3510 336 3585 stimemns)
357 3511 483 3586 Dionys.
504 3511 602 3570 Helie.
624 3509 728 3584 antiqq.
748 3511 859 3569 nomm
869 3505 939 3583 5,1.
979 3508 1127 3567 Posterius
1147 3524 1238 3582 prae-

171 3611 293 3684 ferrem,
318 3609 344 3666 si
369 3611 474 3668 Paulus
499 3610 664 3681 scripsisset
689 3609 745 3670 ani
770 3607 821 3671 tal
849 3609 919 3668 πᾶν
948 3604 1108 3690 σέβασμα.
1156 3610 1244 3678 Quod

171 3711 261 3766 oratio
281 3711 367 3768 habet
388 3715 520 3768 contexte
545 3703 568 3784 ἤ
595 3707 778 3793 σέβασμα
804 3714 861 3770 tam
885 3713 965 3767 arcto
992 3712 1175 3769 coniunctum
1195 3715 1241 3770 eet

170 3811 312 3884 prioribus
337 3813 394 3869 illis
420 3807 527 3870 πάντα
554 3809 726 3891 λεγόμενον
730 3855 743 3890 ,
770 3815 802 3868 ut
825 3813 934 3887 pateat,
959 3811 1025 3869 nnn.
1045 3803 1068 3888 ἥ
1090 3807 1239 3891 σέβασμα

171 3912 284 3984 nonnisi
303 3913 478 3971 illustrandis
499 3916 527 3968 et
550 3912 755 3984 amplificandis
775 3913 917 3970 inseruire
936 3914 1185 3988 antecedentibus,
1210 3915 1241 3970 et

170 4017 250 4072 recto
270 4012 462 4072 cuml’eltio
483 4013 571 4070 verti:
592 4029 659 4072 sese
679 4014 800 4090 efferens
820 4028 910 4085 supra
930 4029 1021 4088 omne,
1042 4014 1119 4087 quod
1139 4013 1239 4070 divino

169 4115 283 4174 nomine
302 4119 437 4190 vocetur,
461 4114 623 4188 divinisque
647 4113 803 4173 honoribus
829 4114 940 4172 colitur.
986 4115 1077 4182 Quam
1104 4120 1242 4188 protervo

170 4219 199 4274 ot
219 4216 363 4290 impudice
382 4215 468 4276 homo
487 4217 536 4274 ille
557 4217 613 4294 τῆς
638 4205 801 4296 ὁμαρτίας
826 4217 920 4290 palam
940 4215 977 4274 sit
998 4219 1181 4292 ostensurus,
1205 4231 1240 4274 se
