<?xml version="1.0" encoding="UTF-8"?>
<!DOCTYPE html PUBLIC "-//W3C//DTD XHTML 1.0 Transitional//EN"
    "http://www.w3.org/TR/xhtml1/DTD/xhtml1-transitional.dtd">
<html xmlns="http://www.w3.org/1999/xhtml" xml:lang="en" lang="en">
 <head>
  <title>
</title>
<meta http-equiv="Content-Type" content="text/html;charset=utf-8" />
  <meta name='ocr-system' content='tesseract 3.04.00' />
  <meta name='ocr-capabilities' content='ocr_page ocr_carea ocr_par ocr_line ocrx_word'/>
</head>
<body>
  <div class='ocr_page' id='page_1' title='image "./epistolaepaulia01schogoog_0315.png"; bbox 0 0 2744 4824; ppageno 0'>
   <div class='ocr_carea' id='block_1_1' title="bbox 182 375 867 484">
    <p class='ocr_par' dir='ltr' id='par_1_1' title="bbox 182 375 867 484">
     <span class='ocr_line' id='line_1_1' title="bbox 182 375 867 484; baseline 0.006 -26"><span class='ocrx_word' id='word_1_1' title='bbox 182 389 263 460; x_wconf 74' lang='lat'><strong>8⁰⁰</strong></span> <span class='ocrx_word' id='word_1_2' title='bbox 551 375 867 484; x_wconf 79' lang='lat' dir='ltr'><strong>Prolegomena.</strong></span> 
     </span>
    </p>
   </div>
   <div class='ocr_carea' id='block_1_2' title="bbox 154 555 1287 4324">
    <p class='ocr_par' dir='ltr' id='par_1_2' title="bbox 154 555 1287 4324">
     <span class='ocr_line' id='line_1_2' title="bbox 174 555 1261 655; baseline 0.002 -25"><span class='ocrx_word' id='word_1_3' title='bbox 174 557 351 644; x_wconf 76' lang='grc' dir='ltr'><strong><em>Ἰουδαίοις</em></strong></span> <span class='ocrx_word' id='word_1_4' title='bbox 371 556 416 642; x_wconf 80' lang='grc' dir='ltr'><strong>ὥς</strong></span> <span class='ocrx_word' id='word_1_5' title='bbox 431 555 609 646; x_wconf 83' lang='grc' dir='ltr'><strong><em>Ἰουδαῖος,</em></strong></span> <span class='ocrx_word' id='word_1_6' title='bbox 630 559 689 632; x_wconf 77' lang='grc' dir='ltr'><strong>ἵνα</strong></span> <span class='ocrx_word' id='word_1_7' title='bbox 704 559 887 645; x_wconf 77' lang='grc' dir='ltr'><strong><em>Ἰουδαίους</em></strong></span> <span class='ocrx_word' id='word_1_8' title='bbox 907 559 1074 655; x_wconf 82' lang='grc' dir='ltr'><em>κερδήσω·</em></span> <span class='ocrx_word' id='word_1_9' title='bbox 1095 566 1167 644; x_wconf 75' lang='grc' dir='ltr'><strong><em>τοϊς</em></strong></span> <span class='ocrx_word' id='word_1_10' title='bbox 1186 557 1261 632; x_wconf 75' lang='lat' dir='ltr'><strong>dod</strong></span> 
     </span>
     <span class='ocr_line' id='line_1_3' title="bbox 178 659 1261 758; baseline 0 -24"><span class='ocrx_word' id='word_1_11' title='bbox 178 663 284 756; x_wconf 88' lang='grc' dir='ltr'><em>νόμον</em></span> <span class='ocrx_word' id='word_1_12' title='bbox 323 661 368 746; x_wconf 85' lang='grc' dir='ltr'><strong>ὥς</strong></span> <span class='ocrx_word' id='word_1_13' title='bbox 400 659 464 734; x_wconf 75' lang='grc' dir='ltr'><strong>ὑπὸ</strong></span> <span class='ocrx_word' id='word_1_14' title='bbox 495 660 618 753; x_wconf 83' lang='grc' dir='ltr'><em>νόμον,</em></span> <span class='ocrx_word' id='word_1_15' title='bbox 646 663 705 734; x_wconf 77' lang='grc' dir='ltr'><strong>ἵνα</strong></span> <span class='ocrx_word' id='word_1_16' title='bbox 720 664 815 748; x_wconf 57' lang='grc' dir='ltr'><strong>σοὺς</strong></span> <span class='ocrx_word' id='word_1_17' title='bbox 845 663 911 736; x_wconf 78' lang='grc' dir='ltr'><strong>ὑπὸ</strong></span> <span class='ocrx_word' id='word_1_18' title='bbox 947 667 1052 755; x_wconf 85' lang='grc' dir='ltr'><em>νόμον</em></span> <span class='ocrx_word' id='word_1_19' title='bbox 1087 661 1261 758; x_wconf 80' lang='grc' dir='ltr'><em>κερδήσω·</em></span> 
     </span>
     <span class='ocr_line' id='line_1_4' title="bbox 179 761 1262 860; baseline 0.001 -23"><span class='ocrx_word' id='word_1_20' title='bbox 179 774 251 849; x_wconf 83' lang='grc' dir='ltr'><strong><em>τοῖς</em></strong></span> <span class='ocrx_word' id='word_1_21' title='bbox 271 763 409 856; x_wconf 81' lang='grc' dir='ltr'><strong><em>ἆνὸμοις</em></strong></span> <span class='ocrx_word' id='word_1_22' title='bbox 439 761 484 847; x_wconf 81' lang='grc' dir='ltr'><strong>ὥς</strong></span> <span class='ocrx_word' id='word_1_23' title='bbox 504 763 646 854; x_wconf 74' lang='grc' dir='ltr'><strong>ἄνομος,</strong></span> <span class='ocrx_word' id='word_1_24' title='bbox 677 765 735 838; x_wconf 73' lang='grc' dir='ltr'><strong>ἵνα</strong></span> <span class='ocrx_word' id='word_1_25' title='bbox 755 765 902 860; x_wconf 85' lang='grc' dir='ltr'><em>κερδήσω</em></span> <span class='ocrx_word' id='word_1_26' title='bbox 924 765 1080 858; x_wconf 75' lang='grc' dir='ltr'><strong>ἀνόμους.</strong></span> <span class='ocrx_word' id='word_1_27' title='bbox 1117 765 1262 858; x_wconf 78' lang='grc' dir='ltr'><em>Ἔγευό-</em></span> 
     </span>
     <span class='ocr_line' id='line_1_5' title="bbox 178 865 1261 964; baseline 0 -25"><span class='ocrx_word' id='word_1_28' title='bbox 178 896 247 960; x_wconf 85' lang='grc' dir='ltr'><strong>μην</strong></span> <span class='ocrx_word' id='word_1_29' title='bbox 267 875 339 950; x_wconf 87' lang='grc' dir='ltr'><strong><em>τοῖς</em></strong></span> <span class='ocrx_word' id='word_1_30' title='bbox 358 866 541 938; x_wconf 68' lang='grc' dir='ltr'><em>ἀσθενέσιν</em></span> <span class='ocrx_word' id='word_1_31' title='bbox 562 865 607 950; x_wconf 75' lang='grc' dir='ltr'><strong>ὡς</strong></span> <span class='ocrx_word' id='word_1_32' title='bbox 626 866 796 955; x_wconf 68' lang='grc' dir='ltr'><strong>ἀσθενής»</strong></span> <span class='ocrx_word' id='word_1_33' title='bbox 823 869 881 941; x_wconf 67' lang='grc' dir='ltr'><em>ἰ’να</em></span> <span class='ocrx_word' id='word_1_34' title='bbox 902 873 982 951; x_wconf 81' lang='grc' dir='ltr'><strong><em>τοὺς</em></strong></span> <span class='ocrx_word' id='word_1_35' title='bbox 1002 867 1161 952; x_wconf 74' lang='grc' dir='ltr'><strong>ἀσθενεῖς</strong></span> <span class='ocrx_word' id='word_1_36' title='bbox 1179 898 1261 964; x_wconf 78' lang='grc' dir='ltr'><em>κερ-</em></span> 
     </span>
     <span class='ocr_line' id='line_1_6' title="bbox 168 959 1259 1064; baseline 0 -22"><span class='ocrx_word' id='word_1_37' title='bbox 168 959 271 1057; x_wconf 79' lang='grc' dir='ltr'><em>δήσω</em></span> <span class='ocrx_word' id='word_1_38' title='bbox 291 980 356 1042; x_wconf 87' lang='lat' dir='ltr'><strong>eto.</strong></span> <span class='ocrx_word' id='word_1_39' title='bbox 405 971 538 1060; x_wconf 76' lang='lat' dir='ltr'><strong>Quippe</strong></span> <span class='ocrx_word' id='word_1_40' title='bbox 560 973 646 1040; x_wconf 77' lang='lat' dir='ltr'><strong>liaeo</strong></span> <span class='ocrx_word' id='word_1_41' title='bbox 668 973 734 1040; x_wconf 86' lang='lat' dir='ltr'><strong>init</strong></span> <span class='ocrx_word' id='word_1_42' title='bbox 754 975 935 1062; x_wconf 85' lang='lat' dir='ltr'><strong>prudentio</strong></span> <span class='ocrx_word' id='word_1_43' title='bbox 955 974 1112 1062; x_wconf 80' lang='lat' dir='ltr'><strong>Apostoli</strong></span> <span class='ocrx_word' id='word_1_44' title='bbox 1132 997 1259 1064; x_wconf 83' lang='lat' dir='ltr'><strong>perpe-</strong></span> 
     </span>
     <span class='ocr_line' id='line_1_7' title="bbox 179 1073 1257 1164; baseline -0.001 -19"><span class='ocrx_word' id='word_1_45' title='bbox 179 1083 257 1164; x_wconf 88' lang='lat' dir='ltr'><strong>tua,</strong></span> <span class='ocrx_word' id='word_1_46' title='bbox 289 1075 332 1142; x_wconf 91' lang='lat' dir='ltr'><strong>ab</strong></span> <span class='ocrx_word' id='word_1_47' title='bbox 367 1073 545 1141; x_wconf 89' lang='lat' dir='ltr'><strong>honestato</strong></span> <span class='ocrx_word' id='word_1_48' title='bbox 579 1081 615 1140; x_wconf 83' lang='lat' dir='ltr'><strong>et</strong></span> <span class='ocrx_word' id='word_1_49' title='bbox 646 1075 839 1143; x_wconf 89' lang='lat' dir='ltr'><strong>oonstantia</strong></span> <span class='ocrx_word' id='word_1_50' title='bbox 872 1075 961 1142; x_wconf 88' lang='lat' dir='ltr'><strong>hand</strong></span> <span class='ocrx_word' id='word_1_51' title='bbox 991 1076 1165 1163; x_wconf 82' lang='lat' dir='ltr'><strong>seiuncta,</strong></span> <span class='ocrx_word' id='word_1_52' title='bbox 1202 1084 1257 1164; x_wconf 88' lang='lat' dir='ltr'><strong>nt,</strong></span> 
     </span>
     <span class='ocr_line' id='line_1_8' title="bbox 180 1171 1257 1269; baseline -0.001 -23"><span class='ocrx_word' id='word_1_53' title='bbox 180 1178 444 1269; x_wconf 72' lang='lat' dir='ltr'><strong>quotiescunque</strong></span> <span class='ocrx_word' id='word_1_54' title='bbox 466 1196 541 1242; x_wconf 89' lang='lat' dir='ltr'><strong>onm</strong></span> <span class='ocrx_word' id='word_1_55' title='bbox 563 1171 708 1244; x_wconf 81' lang='lat' dir='ltr'><strong>dodaeis</strong></span> <span class='ocrx_word' id='word_1_56' title='bbox 735 1184 873 1264; x_wconf 88' lang='lat' dir='ltr'><strong>ageret,</strong></span> <span class='ocrx_word' id='word_1_57' title='bbox 901 1177 1038 1246; x_wconf 83' lang='lat' dir='ltr'><strong>veritati</strong></span> <span class='ocrx_word' id='word_1_58' title='bbox 1059 1198 1125 1244; x_wconf 94' lang='lat' dir='ltr'><strong>non</strong></span> <span class='ocrx_word' id='word_1_59' title='bbox 1147 1177 1257 1266; x_wconf 86' lang='lat' dir='ltr'><strong>perti-</strong></span> 
     </span>
     <span class='ocr_line' id='line_1_9' title="bbox 179 1277 1252 1376; baseline -0.001 -28"><span class='ocrx_word' id='word_1_60' title='bbox 179 1279 312 1349; x_wconf 88' lang='lat' dir='ltr'><strong>naoiter</strong></span> <span class='ocrx_word' id='word_1_61' title='bbox 333 1277 609 1376; x_wconf 76' lang='lat' dir='ltr'><strong>repugnantibus,</strong></span> <span class='ocrx_word' id='word_1_62' title='bbox 631 1281 707 1365; x_wconf 89' lang='lat' dir='ltr'><strong>sed,</strong></span> <span class='ocrx_word' id='word_1_63' title='bbox 728 1301 793 1369; x_wconf 88' lang='lat' dir='ltr'><strong>quo</strong></span> <span class='ocrx_word' id='word_1_64' title='bbox 814 1279 924 1346; x_wconf 89' lang='lat' dir='ltr'><strong>minos</strong></span> <span class='ocrx_word' id='word_1_65' title='bbox 946 1277 1061 1344; x_wconf 85' lang='lat' dir='ltr'><strong>statim</strong></span> <span class='ocrx_word' id='word_1_66' title='bbox 1080 1286 1187 1346; x_wconf 86' lang='lat' dir='ltr'><strong>totam</strong></span> <span class='ocrx_word' id='word_1_67' title='bbox 1201 1279 1252 1348; x_wconf 91' lang='lat' dir='ltr'><strong>le-</strong></span> 
     </span>
     <span class='ocr_line' id='line_1_10' title="bbox 179 1379 1255 1471; baseline -0.002 -21"><span class='ocrx_word' id='word_1_68' title='bbox 179 1405 258 1470; x_wconf 89' lang='lat' dir='ltr'><strong>gem</strong></span> <span class='ocrx_word' id='word_1_69' title='bbox 280 1379 531 1449; x_wconf 79' lang='lat' dir='ltr'><strong>cerimonialem</strong></span> <span class='ocrx_word' id='word_1_70' title='bbox 556 1379 695 1448; x_wconf 85' lang='lat' dir='ltr'><strong>missam</strong></span> <span class='ocrx_word' id='word_1_71' title='bbox 716 1380 888 1468; x_wconf 81' lang='lat' dir='ltr'><strong>facerent,</strong></span> <span class='ocrx_word' id='word_1_72' title='bbox 917 1379 1148 1448; x_wconf 75' lang='lat' dir='ltr'><strong>imbecillitate</strong></span> <span class='ocrx_word' id='word_1_73' title='bbox 1169 1403 1255 1471; x_wconf 85' lang='lat' dir='ltr'><strong>qna-</strong></span> 
     </span>
     <span class='ocr_line' id='line_1_11' title="bbox 180 1481 1253 1572; baseline 0.001 -22"><span class='ocrx_word' id='word_1_74' title='bbox 180 1485 257 1550; x_wconf 88' lang='lat' dir='ltr'><strong>dam</strong></span> <span class='ocrx_word' id='word_1_75' title='bbox 280 1481 466 1571; x_wconf 80' lang='lat' dir='ltr'><strong>impeditis,</strong></span> <span class='ocrx_word' id='word_1_76' title='bbox 485 1501 629 1571; x_wconf 87' lang='lat' dir='ltr'><strong>eosque,</strong></span> <span class='ocrx_word' id='word_1_77' title='bbox 659 1484 704 1549; x_wconf 85' lang='lat' dir='ltr'><strong>od</strong></span> <span class='ocrx_word' id='word_1_78' title='bbox 723 1489 858 1572; x_wconf 83' lang='lat' dir='ltr'><strong>tempus</strong></span> <span class='ocrx_word' id='word_1_79' title='bbox 880 1481 1007 1572; x_wconf 88' lang='lat' dir='ltr'><strong>aliquid</strong></span> <span class='ocrx_word' id='word_1_80' title='bbox 1034 1485 1253 1551; x_wconf 79' lang='lat' dir='ltr'><strong>coneedendo</strong></span> 
     </span>
     <span class='ocr_line' id='line_1_12' title="bbox 179 1584 1254 1672; baseline 0.003 -21"><span class='ocrx_word' id='word_1_81' title='bbox 179 1585 357 1652; x_wconf 76' lang='lat' dir='ltr'><strong>diuturnae</strong></span> <span class='ocrx_word' id='word_1_82' title='bbox 379 1606 495 1652; x_wconf 90' lang='lat' dir='ltr'><strong>eornm</strong></span> <span class='ocrx_word' id='word_1_83' title='bbox 517 1584 772 1672; x_wconf 78' lang='lat' dir='ltr'><strong>consuetudini,</strong></span> <span class='ocrx_word' id='word_1_84' title='bbox 799 1585 936 1654; x_wconf 84' lang='lat' dir='ltr'><strong>veritati</strong></span> <span class='ocrx_word' id='word_1_85' title='bbox 959 1584 1176 1654; x_wconf 78' lang='lat' dir='ltr'><strong>Christianae</strong></span> <span class='ocrx_word' id='word_1_86' title='bbox 1199 1586 1254 1654; x_wconf 83' lang='lat' dir='ltr'><strong>fa·</strong></span> 
     </span>
     <span class='ocr_line' id='line_1_13' title="bbox 178 1685 1252 1774; baseline 0.001 -19"><span class='ocrx_word' id='word_1_87' title='bbox 178 1687 278 1755; x_wconf 89' lang='lat' dir='ltr'><strong>oilins</strong></span> <span class='ocrx_word' id='word_1_88' title='bbox 304 1685 478 1754; x_wconf 81' lang='lat' dir='ltr'><strong>conciliari</strong></span> <span class='ocrx_word' id='word_1_89' title='bbox 505 1707 607 1774; x_wconf 82' lang='lat' dir='ltr'><strong>posse</strong></span> <span class='ocrx_word' id='word_1_90' title='bbox 634 1685 863 1773; x_wconf 79' lang='lat' dir='ltr'><strong>intelligeret,</strong></span> <span class='ocrx_word' id='word_1_91' title='bbox 890 1687 924 1753; x_wconf 94' lang='lat' dir='ltr'><strong>in</strong></span> <span class='ocrx_word' id='word_1_92' title='bbox 954 1685 1119 1754; x_wconf 86' lang='lat' dir='ltr'><strong>eiusmodi</strong></span> <span class='ocrx_word' id='word_1_93' title='bbox 1146 1687 1252 1756; x_wconf 80' lang='lat' dir='ltr'><strong>rebor</strong></span> 
     </span>
     <span class='ocr_line' id='line_1_14' title="bbox 179 1787 1252 1880; baseline -0.001 -22"><span class='ocrx_word' id='word_1_94' title='bbox 179 1787 329 1858; x_wconf 86' lang='lat' dir='ltr'><strong>externis</strong></span> <span class='ocrx_word' id='word_1_95' title='bbox 350 1787 692 1856; x_wconf 79' lang='lat' dir='ltr'><strong>accommodationem</strong></span> <span class='ocrx_word' id='word_1_96' title='bbox 704 1790 892 1880; x_wconf 81' lang='lat' dir='ltr'><strong>sapientem</strong></span> <span class='ocrx_word' id='word_1_97' title='bbox 913 1809 977 1855; x_wconf 89' lang='lat' dir='ltr'><strong>neo</strong></span> <span class='ocrx_word' id='word_1_98' title='bbox 999 1789 1064 1855; x_wconf 87' lang='lat' dir='ltr'><strong>sibi</strong></span> <span class='ocrx_word' id='word_1_99' title='bbox 1086 1811 1150 1856; x_wconf 88' lang='lat' dir='ltr'><strong>neo</strong></span> <span class='ocrx_word' id='word_1_100' title='bbox 1171 1790 1252 1858; x_wconf 84' lang='lat' dir='ltr'><strong>aliia</strong></span> 
     </span>
     <span class='ocr_line' id='line_1_15' title="bbox 179 1889 1253 1982; baseline 0.002 -24"><span class='ocrx_word' id='word_1_101' title='bbox 179 1895 385 1978; x_wconf 77' lang='lat' dir='ltr'><strong>denegaret,</strong></span> <span class='ocrx_word' id='word_1_102' title='bbox 419 1890 500 1977; x_wconf 89' lang='lat' dir='ltr'><strong>sed,</strong></span> <span class='ocrx_word' id='word_1_103' title='bbox 529 1911 594 1982; x_wconf 88' lang='lat' dir='ltr'><strong>qno</strong></span> <span class='ocrx_word' id='word_1_104' title='bbox 621 1890 741 1958; x_wconf 90' lang='lat' dir='ltr'><strong>maiori</strong></span> <span class='ocrx_word' id='word_1_105' title='bbox 757 1889 962 1982; x_wconf 68' lang='lat' dir='ltr'><strong>·1»ertinaoia</strong></span> <span class='ocrx_word' id='word_1_106' title='bbox 989 1895 1025 1958; x_wconf 91' lang='lat' dir='ltr'><strong>et</strong></span> <span class='ocrx_word' id='word_1_107' title='bbox 1050 1893 1253 1978; x_wconf 85' lang='lat' dir='ltr'><strong>arrogantia</strong></span> 
     </span>
     <span class='ocr_line' id='line_1_16' title="bbox 177 1990 1251 2086; baseline 0.003 -25"><span class='ocrx_word' id='word_1_108' title='bbox 177 1990 514 2061; x_wconf 74' lang='lat' dir='ltr'><strong>detineo-Christiani</strong></span> <span class='ocrx_word' id='word_1_109' title='bbox 549 2013 645 2061; x_wconf 90' lang='lat' dir='ltr'><strong>snum</strong></span> <span class='ocrx_word' id='word_1_110' title='bbox 679 1991 767 2080; x_wconf 84' lang='lat' dir='ltr'><strong>legis</strong></span> <span class='ocrx_word' id='word_1_111' title='bbox 796 1990 1022 2086; x_wconf 78' lang='lat' dir='ltr'><strong>oerimonialis</strong></span> <span class='ocrx_word' id='word_1_112' title='bbox 1049 1993 1251 2064; x_wconf 81' lang='lat' dir='ltr'><strong>retinendae</strong></span> 
     </span>
     <span class='ocr_line' id='line_1_17' title="bbox 176 2093 1251 2183; baseline 0 -21"><span class='ocrx_word' id='word_1_113' title='bbox 176 2093 819 2183; x_wconf 83' lang='lat' dir='ltr'><strong>hominibusqueEtbnioo·Gl1ristianis</strong></span> <span class='ocrx_word' id='word_1_114' title='bbox 845 2094 1072 2181; x_wconf 87' lang='lat' dir='ltr'><strong>iniungendae</strong></span> <span class='ocrx_word' id='word_1_115' title='bbox 1101 2097 1251 2163; x_wconf 89' lang='lat' dir='ltr'><strong>studium</strong></span> 
     </span>
     <span class='ocr_line' id='line_1_18' title="bbox 175 2195 1251 2290; baseline 0.002 -26"><span class='ocrx_word' id='word_1_116' title='bbox 175 2216 262 2290; x_wconf 82' lang='lat' dir='ltr'><strong>prae</strong></span> <span class='ocrx_word' id='word_1_117' title='bbox 282 2216 321 2263; x_wconf 87' lang='lat' dir='ltr'><strong>se</strong></span> <span class='ocrx_word' id='word_1_118' title='bbox 341 2195 472 2266; x_wconf 78' lang='lat' dir='ltr'><strong>tament</strong></span> <span class='ocrx_word' id='word_1_119' title='bbox 491 2195 624 2286; x_wconf 88' lang='lat' dir='ltr'><strong>(quales</strong></span> <span class='ocrx_word' id='word_1_120' title='bbox 645 2197 679 2264; x_wconf 92' lang='lat' dir='ltr'><strong>in</strong></span> <span class='ocrx_word' id='word_1_121' title='bbox 696 2205 795 2265; x_wconf 88' lang='lat' dir='ltr'><strong>ooetn</strong></span> <span class='ocrx_word' id='word_1_122' title='bbox 809 2195 1009 2265; x_wconf 76' lang='lat' dir='ltr'><strong>Galatarum</strong></span> <span class='ocrx_word' id='word_1_123' title='bbox 1026 2197 1251 2287; x_wconf 82' lang='lat' dir='ltr'><strong>prodierant),</strong></span> 
     </span>
     <span class='ocr_line' id='line_1_19' title="bbox 176 2296 1253 2388; baseline -0.002 -18"><span class='ocrx_word' id='word_1_124' title='bbox 176 2321 218 2370; x_wconf 82' lang='lat' dir='ltr'><strong>eo</strong></span> <span class='ocrx_word' id='word_1_125' title='bbox 240 2299 349 2366; x_wconf 90' lang='lat' dir='ltr'><strong>minus</strong></span> <span class='ocrx_word' id='word_1_126' title='bbox 371 2298 413 2366; x_wconf 89' lang='lat' dir='ltr'><strong>iis</strong></span> <span class='ocrx_word' id='word_1_127' title='bbox 435 2300 587 2387; x_wconf 88' lang='lat' dir='ltr'><strong>eederet,</strong></span> <span class='ocrx_word' id='word_1_128' title='bbox 618 2320 726 2388; x_wconf 88' lang='lat' dir='ltr'><strong>eoque</strong></span> <span class='ocrx_word' id='word_1_129' title='bbox 753 2297 871 2366; x_wconf 85' lang='lat' dir='ltr'><strong>rnaiori</strong></span> <span class='ocrx_word' id='word_1_130' title='bbox 892 2296 1027 2368; x_wconf 82' lang='lat' dir='ltr'><strong>fervore</strong></span> <span class='ocrx_word' id='word_1_131' title='bbox 1050 2305 1086 2364; x_wconf 90' lang='lat' dir='ltr'><strong>et</strong></span> <span class='ocrx_word' id='word_1_132' title='bbox 1107 2301 1253 2367; x_wconf 82' lang='lat' dir='ltr'><strong>eircum-</strong></span> 
     </span>
     <span class='ocr_line' id='line_1_20' title="bbox 176 2399 1250 2488; baseline -0.001 -17"><span class='ocrx_word' id='word_1_133' title='bbox 176 2399 338 2471; x_wconf 87' lang='lat' dir='ltr'><strong>aisionern</strong></span> <span class='ocrx_word' id='word_1_134' title='bbox 367 2407 403 2467; x_wconf 89' lang='lat' dir='ltr'><strong>et</strong></span> <span class='ocrx_word' id='word_1_135' title='bbox 425 2399 494 2468; x_wconf 88' lang='lat' dir='ltr'><strong>elia</strong></span> <span class='ocrx_word' id='word_1_136' title='bbox 521 2401 685 2470; x_wconf 89' lang='lat' dir='ltr'><strong>eiusmodi</strong></span> <span class='ocrx_word' id='word_1_137' title='bbox 706 2401 1077 2488; x_wconf 77' lang='lat' dir='ltr'><strong>statatajmpugnnret.</strong></span> <span class='ocrx_word' id='word_1_138' title='bbox 1119 2401 1174 2470; x_wconf 82' lang='lat' dir='ltr'><strong>lix</strong></span> <span class='ocrx_word' id='word_1_139' title='bbox 1194 2403 1250 2470; x_wconf 78' lang='lat' dir='ltr'><strong>lais</strong></span> 
     </span>
     <span class='ocr_line' id='line_1_21' title="bbox 174 2501 1249 2592; baseline 0.001 -22"><span class='ocrx_word' id='word_1_140' title='bbox 174 2503 281 2589; x_wconf 90' lang='lat' dir='ltr'><strong>igitur</strong></span> <span class='ocrx_word' id='word_1_141' title='bbox 308 2501 422 2571; x_wconf 81' lang='lat' dir='ltr'><strong>allatis</strong></span> <span class='ocrx_word' id='word_1_142' title='bbox 448 2501 532 2571; x_wconf 87' lang='lat' dir='ltr'><strong>nihil</strong></span> <span class='ocrx_word' id='word_1_143' title='bbox 559 2502 676 2589; x_wconf 76' lang='lat' dir='ltr'><strong>colligi</strong></span> <span class='ocrx_word' id='word_1_144' title='bbox 703 2509 818 2589; x_wconf 83' lang='lat' dir='ltr'><strong>potest</strong></span> <span class='ocrx_word' id='word_1_145' title='bbox 843 2505 887 2570; x_wconf 90' lang='lat' dir='ltr'><strong>ad</strong></span> <span class='ocrx_word' id='word_1_146' title='bbox 908 2510 1062 2591; x_wconf 85' lang='lat' dir='ltr'><strong>tempus,</strong></span> <span class='ocrx_word' id='word_1_147' title='bbox 1090 2525 1156 2592; x_wconf 87' lang='lat' dir='ltr'><strong>qno</strong></span> <span class='ocrx_word' id='word_1_148' title='bbox 1178 2505 1249 2592; x_wconf 83' lang='lat' dir='ltr'><strong>epi-</strong></span> 
     </span>
     <span class='ocr_line' id='line_1_22' title="bbox 175 2601 1250 2692; baseline 0.003 -21"><span class='ocrx_word' id='word_1_149' title='bbox 175 2601 266 2672; x_wconf 86' lang='lat' dir='ltr'><strong>stola</strong></span> <span class='ocrx_word' id='word_1_150' title='bbox 287 2604 417 2691; x_wconf 75' lang='lat' dir='ltr'><strong>scripta</strong></span> <span class='ocrx_word' id='word_1_151' title='bbox 445 2602 565 2692; x_wconf 84' lang='lat' dir='ltr'><strong>fuerit,</strong></span> <span class='ocrx_word' id='word_1_152' title='bbox 592 2603 827 2672; x_wconf 88' lang='lat' dir='ltr'><strong>deliniendum.</strong></span> <span class='ocrx_word' id='word_1_153' title='bbox 871 2602 964 2672; x_wconf 85' lang='lat' dir='ltr'><strong>ldem</strong></span> <span class='ocrx_word' id='word_1_154' title='bbox 993 2608 1037 2674; x_wconf 92' lang='lat' dir='ltr'><strong>de</strong></span> <span class='ocrx_word' id='word_1_155' title='bbox 1057 2605 1133 2674; x_wconf 91' lang='lat' dir='ltr'><strong>looo</strong></span> <span class='ocrx_word' id='word_1_156' title='bbox 1155 2607 1250 2680; x_wconf 80' lang='lat' dir='ltr'><strong>valet</strong></span> 
     </span>
     <span class='ocr_line' id='line_1_23' title="bbox 174 2702 1248 2798; baseline 0.003 -25"><span class='ocrx_word' id='word_1_157' title='bbox 174 2729 229 2798; x_wconf 78' lang='lat' dir='ltr'><strong>ep.</strong></span> <span class='ocrx_word' id='word_1_158' title='bbox 257 2707 310 2773; x_wconf 81' lang='lat' dir='ltr'><strong>od</strong></span> <span class='ocrx_word' id='word_1_159' title='bbox 330 2704 413 2774; x_wconf 75' lang='lat' dir='ltr'><strong>Gal.</strong></span> <span class='ocrx_word' id='word_1_160' title='bbox 428 2702 466 2792; x_wconf 64' lang='grc' dir='ltr'><strong>δ,</strong></span> <span class='ocrx_word' id='word_1_161' title='bbox 481 2704 543 2773; x_wconf 83' lang='grc'><strong>11.</strong></span> <span class='ocrx_word' id='word_1_162' title='bbox 561 2728 654 2796; x_wconf 64' lang='lat' dir='ltr'><strong>sqq„</strong></span> <span class='ocrx_word' id='word_1_163' title='bbox 676 2705 731 2774; x_wconf 91' lang='lat' dir='ltr'><strong>oui</strong></span> <span class='ocrx_word' id='word_1_164' title='bbox 751 2705 867 2794; x_wconf 83' lang='lat' dir='ltr'><strong>plures</strong></span> <span class='ocrx_word' id='word_1_165' title='bbox 888 2708 1090 2776; x_wconf 86' lang='lat' dir='ltr'><strong>sententiam</strong></span> <span class='ocrx_word' id='word_1_166' title='bbox 1112 2710 1156 2776; x_wconf 91' lang='lat' dir='ltr'><strong>de</strong></span> <span class='ocrx_word' id='word_1_167' title='bbox 1178 2709 1248 2798; x_wconf 83' lang='lat' dir='ltr'><strong>epi-</strong></span> 
     </span>
     <span class='ocr_line' id='line_1_24' title="bbox 173 2806 1245 2899; baseline 0.003 -24"><span class='ocrx_word' id='word_1_168' title='bbox 173 2807 265 2875; x_wconf 88' lang='lat' dir='ltr'><strong>stola</strong></span> <span class='ocrx_word' id='word_1_169' title='bbox 285 2816 365 2874; x_wconf 88' lang='lat' dir='ltr'><strong>ante</strong></span> <span class='ocrx_word' id='word_1_170' title='bbox 379 2815 580 2876; x_wconf 74' lang='lat' dir='ltr'><strong>conventum</strong></span> <span class='ocrx_word' id='word_1_171' title='bbox 593 2806 762 2876; x_wconf 80' lang='lat' dir='ltr'><strong>Hierosol.</strong></span> <span class='ocrx_word' id='word_1_172' title='bbox 782 2807 911 2896; x_wconf 81' lang='lat' dir='ltr'><strong>scripta</strong></span> <span class='ocrx_word' id='word_1_173' title='bbox 929 2818 1111 2897; x_wconf 75' lang='lat' dir='ltr'><strong>propterea</strong></span> <span class='ocrx_word' id='word_1_174' title='bbox 1125 2831 1245 2899; x_wconf 87' lang='lat' dir='ltr'><strong>saper·</strong></span> 
     </span>
     <span class='ocr_line' id='line_1_25' title="bbox 173 2909 1247 3002; baseline 0.002 -24"><span class='ocrx_word' id='word_1_175' title='bbox 173 2909 261 2978; x_wconf 81' lang='lat' dir='ltr'><strong>strrd</strong></span> <span class='ocrx_word' id='word_1_176' title='bbox 281 2909 418 2997; x_wconf 83' lang='lat' dir='ltr'><strong>rolant,</strong></span> <span class='ocrx_word' id='word_1_177' title='bbox 445 2911 533 2999; x_wconf 86' lang='lat' dir='ltr'><strong>qnod</strong></span> <span class='ocrx_word' id='word_1_178' title='bbox 559 2931 679 2998; x_wconf 82' lang='lat' dir='ltr'><strong>porum</strong></span> <span class='ocrx_word' id='word_1_179' title='bbox 705 2909 880 2999; x_wconf 82' lang='lat' dir='ltr'><strong>probabile</strong></span> <span class='ocrx_word' id='word_1_180' title='bbox 908 2912 969 2999; x_wconf 84' lang='lat' dir='ltr'><strong>sit,</strong></span> <span class='ocrx_word' id='word_1_181' title='bbox 1001 2913 1162 3000; x_wconf 84' lang='lat' dir='ltr'><strong>Petrum,</strong></span> <span class='ocrx_word' id='word_1_182' title='bbox 1191 2911 1247 3002; x_wconf 91' lang='lat' dir='ltr'><strong>qni</strong></span> 
     </span>
     <span class='ocr_line' id='line_1_26' title="bbox 154 3010 1246 3101; baseline 0.001 -21"><span class='ocrx_word' id='word_1_183' title='bbox 154 3013 250 3099; x_wconf 83' lang='lat' dir='ltr'><strong>ipse</strong></span> <span class='ocrx_word' id='word_1_184' title='bbox 278 3010 314 3078; x_wconf 92' lang='lat' dir='ltr'><strong>in</strong></span> <span class='ocrx_word' id='word_1_185' title='bbox 341 3019 511 3081; x_wconf 75' lang='lat' dir='ltr'><strong>conventu</strong></span> <span class='ocrx_word' id='word_1_186' title='bbox 531 3010 590 3078; x_wconf 93' lang='lat' dir='ltr'><strong>illo</strong></span> <span class='ocrx_word' id='word_1_187' title='bbox 624 3011 827 3080; x_wconf 88' lang='lat' dir='ltr'><strong>sententiam</strong></span> <span class='ocrx_word' id='word_1_188' title='bbox 853 3011 1046 3080; x_wconf 86' lang='lat' dir='ltr'><strong>liberiorem</strong></span> <span class='ocrx_word' id='word_1_189' title='bbox 1072 3012 1246 3101; x_wconf 76' lang='lat' dir='ltr'><strong>professo·</strong></span> 
     </span>
     <span class='ocr_line' id='line_1_27' title="bbox 170 3112 1246 3205; baseline 0.002 -24"><span class='ocrx_word' id='word_1_190' title='bbox 170 3135 231 3181; x_wconf 88' lang='lat' dir='ltr'><strong>rns</strong></span> <span class='ocrx_word' id='word_1_191' title='bbox 253 3113 298 3180; x_wconf 87' lang='lat' dir='ltr'><strong>ad</strong></span> <span class='ocrx_word' id='word_1_192' title='bbox 321 3112 498 3182; x_wconf 84' lang='lat' dir='ltr'><strong>dioendnm</strong></span> <span class='ocrx_word' id='word_1_193' title='bbox 519 3113 726 3181; x_wconf 75' lang='lat' dir='ltr'><strong>surrexisset</strong></span> <span class='ocrx_word' id='word_1_194' title='bbox 754 3113 870 3196; x_wconf 80' lang='lat' dir='ltr'><strong>(Anu.</strong></span> <span class='ocrx_word' id='word_1_195' title='bbox 888 3112 951 3202; x_wconf 78' lang='lat'><strong>15,</strong></span> <span class='ocrx_word' id='word_1_196' title='bbox 967 3113 1004 3181; x_wconf 76' lang='lat'><strong>7.</strong></span> <span class='ocrx_word' id='word_1_197' title='bbox 1019 3117 1125 3204; x_wconf 64' lang='lat' dir='ltr'><strong>squ),</strong></span> <span class='ocrx_word' id='word_1_198' title='bbox 1153 3124 1246 3205; x_wconf 76' lang='lat' dir='ltr'><strong>post·</strong></span> 
     </span>
     <span class='ocr_line' id='line_1_28' title="bbox 172 3213 1245 3306; baseline 0 -20"><span class='ocrx_word' id='word_1_199' title='bbox 172 3217 241 3286; x_wconf 86' lang='lat' dir='ltr'><strong>hae</strong></span> <span class='ocrx_word' id='word_1_200' title='bbox 260 3222 353 3283; x_wconf 91' lang='lat' dir='ltr'><strong>metu</strong></span> <span class='ocrx_word' id='word_1_201' title='bbox 383 3215 590 3306; x_wconf 88' lang='lat' dir='ltr'><strong>quorundam</strong></span> <span class='ocrx_word' id='word_1_202' title='bbox 618 3213 1036 3294; x_wconf 80' lang='lat' dir='ltr'><strong>Jndneo-Ghristianorum</strong></span> <span class='ocrx_word' id='word_1_203' title='bbox 1065 3216 1141 3300; x_wconf 71' lang='lat' dir='ltr'><strong>(aa</strong></span> <span class='ocrx_word' id='word_1_204' title='bbox 1162 3217 1245 3286; x_wconf 68' lang='lat' dir='ltr'><strong>aar</strong></span> 
     </span>
     <span class='ocr_line' id='line_1_29' title="bbox 172 3315 1245 3407; baseline 0.002 -22"><span class='ocrx_word' id='word_1_205' title='bbox 172 3315 212 3405; x_wconf 67' lang='grc' dir='ltr'><strong>Β,</strong></span> <span class='ocrx_word' id='word_1_206' title='bbox 235 3315 313 3407; x_wconf 69' lang='grc'>19.)</span> <span class='ocrx_word' id='word_1_207' title='bbox 333 3317 491 3404; x_wconf 91' lang='lat' dir='ltr'><strong>religioni</strong></span> <span class='ocrx_word' id='word_1_208' title='bbox 519 3317 584 3384; x_wconf 90' lang='lat' dir='ltr'><strong>sibi</strong></span> <span class='ocrx_word' id='word_1_209' title='bbox 612 3318 770 3406; x_wconf 84' lang='lat' dir='ltr'><strong>duxisse,</strong></span> <span class='ocrx_word' id='word_1_210' title='bbox 800 3339 877 3385; x_wconf 89' lang='lat' dir='ltr'><strong>oum</strong></span> <span class='ocrx_word' id='word_1_211' title='bbox 904 3315 1107 3386; x_wconf 75' lang='lat' dir='ltr'><strong>Christianis</strong></span> <span class='ocrx_word' id='word_1_212' title='bbox 1134 3341 1245 3388; x_wconf 85' lang='lat' dir='ltr'><strong>eome-</strong></span> 
     </span>
     <span class='ocr_line' id='line_1_30' title="bbox 171 3419 1243 3510; baseline 0 -22"><span class='ocrx_word' id='word_1_213' title='bbox 171 3423 253 3488; x_wconf 91' lang='lat' dir='ltr'><strong>dere</strong></span> <span class='ocrx_word' id='word_1_214' title='bbox 287 3441 357 3488; x_wconf 91' lang='lat' dir='ltr'><strong>non</strong></span> <span class='ocrx_word' id='word_1_215' title='bbox 390 3419 610 3488; x_wconf 87' lang='lat' dir='ltr'><strong>oiroumoisis.</strong></span> <span class='ocrx_word' id='word_1_216' title='bbox 663 3419 739 3487; x_wconf 78' lang='lat' dir='ltr'><strong>litai</strong></span> <span class='ocrx_word' id='word_1_217' title='bbox 772 3419 862 3487; x_wconf 89' lang='lat' dir='ltr'><strong>enim</strong></span> <span class='ocrx_word' id='word_1_218' title='bbox 897 3440 1096 3508; x_wconf 81' lang='lat' dir='ltr'><strong>eoncessum</strong></span> <span class='ocrx_word' id='word_1_219' title='bbox 1130 3419 1243 3510; x_wconf 80' lang='lat' dir='ltr'><strong>faerit,</strong></span> 
     </span>
     <span class='ocr_line' id='line_1_31' title="bbox 171 3519 1243 3612; baseline 0.002 -24"><span class='ocrx_word' id='word_1_220' title='bbox 171 3541 259 3612; x_wconf 82' lang='lat' dir='ltr'><strong>quoe</strong></span> <span class='ocrx_word' id='word_1_221' title='bbox 279 3519 427 3588; x_wconf 85' lang='lat' dir='ltr'><strong>Paulum</strong></span> <span class='ocrx_word' id='word_1_222' title='bbox 454 3522 544 3588; x_wconf 86' lang='lat' dir='ltr'><strong>inter</strong></span> <span class='ocrx_word' id='word_1_223' title='bbox 571 3529 607 3588; x_wconf 87' lang='lat' dir='ltr'><strong>st</strong></span> <span class='ocrx_word' id='word_1_224' title='bbox 633 3519 771 3589; x_wconf 86' lang='lat' dir='ltr'><strong>Petrum</strong></span> <span class='ocrx_word' id='word_1_225' title='bbox 799 3521 888 3608; x_wconf 85' lang='lat' dir='ltr'><strong>(loeo</strong></span> <span class='ocrx_word' id='word_1_226' title='bbox 909 3520 1000 3589; x_wconf 86' lang='lat' dir='ltr'><strong>land.</strong></span> <span class='ocrx_word' id='word_1_227' title='bbox 1022 3543 1077 3610; x_wconf 83' lang='lat' dir='ltr'><strong>ep.</strong></span> <span class='ocrx_word' id='word_1_228' title='bbox 1097 3521 1243 3591; x_wconf 69' lang='lat' dir='ltr'><strong>addai.</strong></span> 
     </span>
     <span class='ocr_line' id='line_1_32' title="bbox 167 3622 1243 3712; baseline 0.003 -23"><span class='ocrx_word' id='word_1_229' title='bbox 167 3624 371 3712; x_wconf 80' lang='lat' dir='ltr'><strong>praeeunte)</strong></span> <span class='ocrx_word' id='word_1_230' title='bbox 386 3623 587 3691; x_wconf 82' lang='lat' dir='ltr'><strong>Antioohiae</strong></span> <span class='ocrx_word' id='word_1_231' title='bbox 604 3632 705 3710; x_wconf 87' lang='lat' dir='ltr'><strong>gesta</strong></span> <span class='ocrx_word' id='word_1_232' title='bbox 724 3623 861 3709; x_wconf 84' lang='lat' dir='ltr'><strong>fuerint,</strong></span> <span class='ocrx_word' id='word_1_233' title='bbox 883 3622 1149 3692; x_wconf 85' lang='lat' dir='ltr'><strong>aooidisso&#39;ente</strong></span> <span class='ocrx_word' id='word_1_234' title='bbox 1165 3647 1243 3692; x_wconf 88' lang='lat' dir='ltr'><strong>oon·</strong></span> 
     </span>
     <span class='ocr_line' id='line_1_33' title="bbox 170 3723 1242 3815; baseline -0.001 -21"><span class='ocrx_word' id='word_1_235' title='bbox 170 3733 305 3794; x_wconf 84' lang='lat' dir='ltr'><strong>ventum</strong></span> <span class='ocrx_word' id='word_1_236' title='bbox 328 3724 569 3814; x_wconf 68' lang='lat' dir='ltr'><strong>apostolieum</strong></span> <span class='ocrx_word' id='word_1_237' title='bbox 599 3725 717 3794; x_wconf 85' lang='lat' dir='ltr'><strong>eodem</strong></span> <span class='ocrx_word' id='word_1_238' title='bbox 740 3731 853 3792; x_wconf 87' lang='lat' dir='ltr'><strong>tamen</strong></span> <span class='ocrx_word' id='word_1_239' title='bbox 874 3723 948 3793; x_wconf 89' lang='lat' dir='ltr'><strong>inre</strong></span> <span class='ocrx_word' id='word_1_240' title='bbox 977 3724 1095 3815; x_wconf 86' lang='lat' dir='ltr'><strong>quaeri</strong></span> <span class='ocrx_word' id='word_1_241' title='bbox 1122 3727 1242 3814; x_wconf 83' lang='lat' dir='ltr'><strong>possit,</strong></span> 
     </span>
     <span class='ocr_line' id='line_1_34' title="bbox 170 3825 1287 3917; baseline 0.001 -22"><span class='ocrx_word' id='word_1_242' title='bbox 170 3829 336 3917; x_wconf 88' lang='lat' dir='ltr'><strong>quomodo</strong></span> <span class='ocrx_word' id='word_1_243' title='bbox 371 3825 460 3894; x_wconf 89' lang='lat' dir='ltr'><strong>idem</strong></span> <span class='ocrx_word' id='word_1_244' title='bbox 494 3826 643 3915; x_wconf 82' lang='lat' dir='ltr'><strong>Petrus,</strong></span> <span class='ocrx_word' id='word_1_245' title='bbox 675 3827 732 3915; x_wconf 85' lang='lat' dir='ltr'><strong>qui</strong></span> <span class='ocrx_word' id='word_1_246' title='bbox 759 3827 890 3915; x_wconf 75' lang='lat' dir='ltr'><strong>pridem</strong></span> <span class='ocrx_word' id='word_1_247' title='bbox 926 3833 1007 3896; x_wconf 86' lang='lat' dir='ltr'><strong>enta</strong></span> <span class='ocrx_word' id='word_1_248' title='bbox 1041 3837 1242 3896; x_wconf 83' lang='lat' dir='ltr'><strong>ooorentnm</strong></span> <span class='ocrx_word' id='word_1_249' title='bbox 1284 3901 1287 3914; x_wconf 58' lang='grc'>,</span> 
     </span>
     <span class='ocr_line' id='line_1_35' title="bbox 169 3927 1241 4015; baseline -0.002 -17"><span class='ocrx_word' id='word_1_250' title='bbox 169 3927 528 4015; x_wconf 85' lang='lat' dir='ltr'><strong>llierosolymitanam,</strong></span> <span class='ocrx_word' id='word_1_251' title='bbox 548 3928 622 3997; x_wconf 82' lang='lat' dir='ltr'><strong>viso</strong></span> <span class='ocrx_word' id='word_1_252' title='bbox 644 3928 804 4000; x_wconf 85' lang='lat' dir='ltr'><strong>divinitus</strong></span> <span class='ocrx_word' id='word_1_253' title='bbox 826 3927 892 3994; x_wconf 90' lang='lat' dir='ltr'><strong>sibi</strong></span> <span class='ocrx_word' id='word_1_254' title='bbox 914 3928 1039 4014; x_wconf 88' lang='lat' dir='ltr'><strong>oblato,</strong></span> <span class='ocrx_word' id='word_1_255' title='bbox 1063 3929 1241 4015; x_wconf 77' lang='lat' dir='ltr'><strong>perspicua</strong></span> 
     </span>
     <span class='ocr_line' id='line_1_36' title="bbox 170 4029 1240 4118; baseline -0.004 -18"><span class='ocrx_word' id='word_1_256' title='bbox 170 4031 400 4118; x_wconf 77' lang='lat' dir='ltr'><strong>cognovisset,</strong></span> <span class='ocrx_word' id='word_1_257' title='bbox 423 4031 609 4098; x_wconf 75' lang='lat' dir='ltr'><strong>doctrinam</strong></span> <span class='ocrx_word' id='word_1_258' title='bbox 632 4031 864 4117; x_wconf 78' lang='lat' dir='ltr'><strong>evangelicam</strong></span> <span class='ocrx_word' id='word_1_259' title='bbox 886 4029 1074 4098; x_wconf 83' lang='lat' dir='ltr'><strong>hominibus</strong></span> <span class='ocrx_word' id='word_1_260' title='bbox 1089 4051 1156 4097; x_wconf 87' lang='lat' dir='ltr'><strong>non</strong></span> <span class='ocrx_word' id='word_1_261' title='bbox 1179 4030 1240 4098; x_wconf 87' lang='lat' dir='ltr'><strong>oir-</strong></span> 
     </span>
     <span class='ocr_line' id='line_1_37' title="bbox 169 4131 1239 4222; baseline -0.007 -19"><span class='ocrx_word' id='word_1_262' title='bbox 169 4131 328 4203; x_wconf 85' lang='lat' dir='ltr'><strong>onmoisis</strong></span> <span class='ocrx_word' id='word_1_263' title='bbox 366 4133 495 4220; x_wconf 80' lang='lat' dir='ltr'><strong>pariter</strong></span> <span class='ocrx_word' id='word_1_264' title='bbox 530 4141 633 4222; x_wconf 84' lang='lat' dir='ltr'><strong>atque</strong></span> <span class='ocrx_word' id='word_1_265' title='bbox 675 4131 887 4200; x_wconf 87' lang='lat' dir='ltr'><strong>oireunroisis</strong></span> <span class='ocrx_word' id='word_1_266' title='bbox 923 4153 1003 4201; x_wconf 87' lang='lat' dir='ltr'><strong>esse</strong></span> <span class='ocrx_word' id='word_1_267' title='bbox 1042 4132 1239 4199; x_wconf 85' lang='lat' dir='ltr'><strong>tradendam</strong></span> 
     </span>
     <span class='ocr_line' id='line_1_38' title="bbox 168 4233 1239 4324; baseline -0.006 -18"><span class='ocrx_word' id='word_1_268' title='bbox 168 4233 287 4320; x_wconf 59' lang='lat' dir='ltr'><strong>(aa.</strong></span> <span class='ocrx_word' id='word_1_269' title='bbox 308 4255 341 4302; x_wconf 84' lang='lat' dir='ltr'><strong>o.</strong></span> <span class='ocrx_word' id='word_1_270' title='bbox 359 4233 419 4303; x_wconf 85' lang='lat' dir='ltr'><strong>ld.</strong></span> <span class='ocrx_word' id='word_1_271' title='bbox 443 4257 473 4303; x_wconf 89' lang='lat' dir='ltr'><strong>o.</strong></span> <span class='ocrx_word' id='word_1_272' title='bbox 492 4235 585 4323; x_wconf 63' lang='lat' dir='ltr'><strong>lb),</strong></span> <span class='ocrx_word' id='word_1_273' title='bbox 607 4234 713 4324; x_wconf 85' lang='lat' dir='ltr'><strong>idem,</strong></span> <span class='ocrx_word' id='word_1_274' title='bbox 736 4235 883 4324; x_wconf 86' lang='lat' dir='ltr'><strong>inquam,</strong></span> <span class='ocrx_word' id='word_1_275' title='bbox 905 4233 962 4324; x_wconf 87' lang='lat' dir='ltr'><strong>qni</strong></span> <span class='ocrx_word' id='word_1_276' title='bbox 985 4253 1060 4304; x_wconf 89' lang='lat' dir='ltr'><strong>oum</strong></span> <span class='ocrx_word' id='word_1_277' title='bbox 1081 4233 1239 4300; x_wconf 79' lang='lat' dir='ltr'><strong>Bernaba</strong></span> 
     </span>
    </p>
   </div>
   <div class='ocr_carea' id='block_1_3' title="bbox 0 0 1376 4824">
    <p class='ocr_par' dir='ltr' id='par_1_3' title="bbox 0 0 1376 4824">
     <span class='ocr_line' id='line_1_39' title="bbox 0 0 1376 4824; baseline 0 3"><span class='ocrx_word' id='word_1_278' title='bbox 0 0 1376 4824; x_wconf 95' lang='lat' dir='ltr'><strong> </strong></span> 
     </span>
    </p>
   </div>
  </div>
 </body>
</html>
