2620 4826
259 357 415 478 Epistola
435 359 480 426 sn
501 299 655 426 ouans.
678 357 718 426 o.
730 357 791 430 nv.
811 357 855 430 v,
869 355 894 428 e
907 359 989 429 -r.
1078 357 1162 432 nee

89 534 230 610 quostiam
255 539 366 609 palrnm
393 535 463 593 vett.
489 534 746 594 'l'hontloretns
771 535 859 594 habet
884 534 915 596 in
948 539 1098 594 comment
1125 537 1164 596 ael

88 635 119 694 in.
140 637 161 694 1.
186 653 346 712 quenquam
370 635 447 696 lolem
473 637 581 710 passim
605 637 639 698 in
659 637 793 710 operibus
813 637 875 696 suis
902 637 1021 696 alteram
1052 653 1165 712 quoqne

87 737 156 796 lect
176 734 349 819 γενόμενον
368 738 585 816 agnouit-(err.
605 737 785 798 Noesselt
808 739 839 798 in
858 740 935 800 liniis
956 740 995 799 etl
1017 741 1162 800 uranum.

88 853 162 914 opp.
186 839 221 898 Τ.
240 841 306 898 ΠΙ.
332 856 364 914 p.
378 837 486 916 881).
529 841 720 916 Argumentis
739 841 859 904 internis
879 841 948 900 nihii
968 841 1055 899 iaelle
1083 841 1163 900 ellel

88 943 128 998 ael
149 940 374 998 conuoversiam
394 941 597 1018 dirimendam,
624 939 776 1000 verissime
795 943 935 1002 intellexit
954 945 1101 1022 Borger
1126 943 1165 1002 ati

87 1040 119 1100 ln.
139 1041 177 1117 1.,
202 1055 289 1114 quum
316 1041 419 1100 eadem
445 1043 631 1102 correctionis
658 1043 798 1101 facilitate
829 1049 858 1104 et
882 1039 1101 1126 γεννώμενον,
1127 1056 1165 1102 ne

87 1145 165 1203 rorte
185 1143 223 1200 tle
243 1143 431 1217 generatione
451 1143 525 1201 iesu
546 1142 655 1202 clerinti
674 1143 791 1220 vulgari
818 1145 1010 1223 cogitaretur,
1034 1145 1165 1220 antiqni-

88 1249 139 1304 tns
159 1259 225 1302 cnm
245 1239 420 1322 γενόμενον
445 1245 614 1320 permutant,
638 1247 669 1302 et
695 1260 748 1318 pro
774 1241 946 1325 γινόμενον
971 1251 1091 1321 propter
1117 1247 1164 1304 st-

88 1347 257 1422 gniflcatum
277 1345 361 1404 verbi
381 1342 534 1421 γίνεσθαι
558 1361 622 1404 non
647 1349 784 1406 omnuim
809 1349 886 1406 antis
908 1351 1059 1424 copulent
1085 1351 1165 1406 rotta-¹

89 1463 157 1507 men
177 1447 316 1520 exemplis
336 1445 414 1505 haul
434 1445 613 1506 iestltntnme
634 1449 720 1506 amet
740 1447 829 1525 (Aet.
854 1449 891 1508 V.
911 1449 999 1528 113,
1014 1453 1068 1508 ³6.
1096 1449 1164 1510 He-

89 1551 156 1608 rod.
178 1551 242 1608 til.
264 1565 296 1622 p.
309 1548 388 1606 741.
409 1548 455 1606 eu
475 1549 656 1624 wesseling.
677 1550 776 1608 cxii.
799 1550 955 1629 ummo,
968 1551 1022 1608 26.
1047 1551 1164 1610 ltonme

92 1651 126 1730 1,
138 1653 169 1708 3.
182 1647 246 1726 et)
265 1649 388 1706 alterum
408 1642 603 1728 γεννώμενον
624 1651 713 1709 serlhl
730 1650 864 1723 potnerit.
903 1651 1073 1714 Auctoritas
1093 1667 1165 1710 vero

90 1752 206 1810 testium
241 1751 314 1806 oritt
346 1749 516 1821 praesertim
544 1748 628 1809 codd.
656 1751 811 1810 uncialinm
838 1751 953 1827 suadet,
979 1757 1012 1810 nt
1037 1752 1068 1812 in
1097 1752 1165 1812 lect:

90 1853 174 1928 vulg.
195 1851 422 1925 aequiescamus.
463 1849 598 1910 Ceterum
619 1847 723 1930 γυνὴ
745 1852 942 1912 eodemmodo
953 1855 1163 1924 Matronae.

92 1956 215 2032 rasse,
228 1957 259 2012 n.
286 1953 325 2010 ns
344 1951 459 2028 ungine
479 1967 585 2024 soom
606 1953 721 2012 nentur.
761 1955 812 2032 n)
834 1955 890 2029 repr
909 1937 1086 2037 ismeone,
1107 1973 1188 2035 ns„

90 2057 153 2112 tum
172 2054 248 2112 inter
267 2053 398 2113 ludaeos
415 2051 478 2129 legi
489 2053 566 2112 Mos.
587 2054 736 2132 obnoxios,
755 2057 932 2116 matrisini.
953 2057 1050 2116 illium.
1082 2061 1165 2116 liaeo

91 2156 168 2214 enim
188 2156 283 2228 proiit
303 2154 445 2214 sententia
464 2156 621 2226 praedicati
636 2157 813 2230 posterioris
833 2177 904 2237 yar.
925 2148 1005 2218 ino
1029 2153 1168 2238 νόμον,

89 2259 156 2315 slve
178 2271 243 2315 cnm
263 2258 407 2330 plerisque
433 2257 613 2330 participium
643 2277 703 2338 yso.
729 2259 896 2336 significatu
921 2259 1006 2316 latius
1034 2262 1164 2328 patente:

86 2357 159 2433 liena·
177 2357 352 2417 intellectum
364 2359 493 2431 proxime
513 2359 626 2417 referes
644 2359 684 2418 ai
703 2361 770 2419 vib.
790 2352 853 2420 ὑπὸ
869 2353 982 2436 νόμον,
1002 2373 1058 2432 quo
1076 2375 1165 2418 sensu

92 2455 179 2522 εἶναι
199 2451 268 2519 ὑπὸ
291 2453 395 2540 νόμον
425 2474 455 2517 v.
475 2456 506 2517 ὅ.
534 2459 608 2518 dioc.
631 2461 792 2534 quicunque
811 2458 872 2536 legi
891 2457 972 2518 Mos.
1000 2462 1068 2517 sunt
1090 2461 1165 2520 sub-

87 2561 170 2639 iecti,
190 2561 255 2620 sive
275 2557 424 2640 γίνεσθαι
444 2559 530 2620 etism
549 2560 580 2620 ln.
599 2561 619 2618 l.
641 2563 784 2620 notionem
804 2559 1002 2637 angustiorem
1021 2565 1167 2625 nascendi

89 2663 220 2724 obtinere
252 2663 418 2738 existimes,
451 2677 525 2736 qnae
558 2662 671 2736 quidem
703 2663 835 2735 Koppii
865 2661 1061 2733 interpretatio
1087 2663 1165 2722 lill-

91 2765 220 2823 chaeli
247 2780 360 2840 qnoque
385 2765 505 2838 probata
530 2763 648 2821 delendi
667 2764 765 2836 utique
791 2766 902 2838 potest,
927 2761 1064 2822 mmodo
1090 2763 1165 2822 haee

89 2881 147 2942 per
171 2867 426 2941 breviloquentiam
452 2879 517 2924 oum
544 2864 673 2938 emphasi
697 2865 774 2924 diota
799 2863 965 2938 acoeperlse
989 2870 1097 2929 notum
1121 2868 1166 2926 tto

90 2969 205 3046 (suppl.
227 2961 326 3047 ὄντα)
356 2975 392 3028 ut
411 2973 488 3028 esset
507 2969 653 3042 atemleye.
696 2965 864 3043 Quaeritur,
891 2982 929 3023 en
949 2967 1058 3025 Paulus
1079 2981 1165 3040 quum

89 3071 168 3131 heae
189 3071 226 3129 lle
238 3072 313 3129 iesu
331 3071 512 3144 praedicaret
531 3069 652 3128 innuere
671 3067 805 3144 voluerit,
825 3069 1009 3127 servatorem
1030 3070 1089 3128 troo
1107 3083 1166 3128 ro-

90 3173 175 3232 tione
195 3163 388 3252 (γενόμενον
408 3167 443 3231 ἐκ
462 3164 617 3248 masuic
629 3171 701 3249 eto.)
724 3167 841 3246 prodire
861 3168 1004 3246 debuisse,
1021 3171 1057 3226 nt
1076 3167 1167 3228 saus-

89 3275 194 3334 raoere
213 3275 312 3347 posset
331 3271 450 3349 negotio
476 3269 668 3344 redemtos-iol
703 3272 740 3332 io
760 3271 836 3346 quoi
860 3269 882 3328 li
901 3271 1078 3345 potissimum
1098 3273 1164 3328 ata-

90 3377 193 3451 tnunt,
219 3374 268 3450 qul
290 3375 358 3434 vib.
383 3391 446 3448 sqq.
473 3373 539 3435 irc
572 3400 606 3418 -
642 3365 874 3458 ἐξαγοράσῃ
904 3371 951 3430 his
977 3370 1168 3444 praelicatlse

91 3470 269 3557 γενόμενον
289 3478 347 3534 eto.
366 3475 501 3552 propius,
530 3491 614 3550 quem
634 3475 725 3535 verbo
745 3468 954 3545 ἐξαπέστειλεν
980 3473 1166 3548 coniungunt.

93 3577 181 3646 onon
210 3577 292 3652 prins
316 3577 416 3636 attinet
441 3595 504 3656 yar.
532 3573 567 3637 ts
591 3569 762 3656 γυναικὸς,
789 3573 893 3651 negari
920 3589 977 3633 non
1004 3578 1112 3650 potest,
1135 3573 1166 3632 ln

91 3679 225 3751 epistolis
243 3679 283 3738 N.
303 3679 338 3736 ll.
359 3679 417 3738 hoo
437 3679 552 3754 doceri,
571 3680 610 3737 ati
629 3677 760 3736 homines
779 3693 832 3750 per
853 3676 1007 3753 christum,
1026 3689 1166 3750 praeser-

92 3779 147 3837 tim
166 3795 224 3856 per
243 3786 369 3840 mortem
385 3780 493 3839 Christi
508 3798 528 3838 a
542 3779 660 3838 miseria
677 3779 791 3853 peccati
810 3779 972 3838 liberandos
991 3778 1023 3836 id
1042 3775 1166 3835 maxime

90 3879 283 3956 pertinuisse,
304 3885 336 3940 ut
361 3880 410 3938 hic
430 3881 486 3940 Del
505 3883 581 3940 tillem
600 3884 688 3940 totam
707 3879 839 3938 indueret
864 3883 995 3939 natnmam
1015 3877 1168 3936 humanam

89 3985 184 4056 atque
204 3997 240 4040 ea
261 3983 423 4042 conditione
441 3986 569 4042 uteretur
590 3999 665 4058 qnae
684 3983 721 4042 ab
742 3983 875 4056 humata,
896 3981 1016 4054 peoooto
1037 3983 1170 4054 excepto,

91 4084 169 4144 nihil
196 4085 388 4158 discreparet,
414 4101 443 4143 u.
465 4101 492 4143 o.
519 4088 634 4147 iteam
647 4088 682 4163 8,
695 4088 801 4160 tt.sqq.
829 4085 937 4143 liebrr.
955 4081 1065 4160 2,14.
1107 4079 1170 4138 soi

93 4181 1169 4264 mmmnmuummunrffinonnnnffiounennm-
