2734 4820
182 373 262 446 252
293 473 297 482 ι
426 375 535 464 Epist.
553 374 599 442 ΙΙ.
621 377 665 442 ed
686 375 1026 446 Thessalonicenses.

179 551 330 614 emtionem
349 543 471 614 dominis
492 549 547 624 viic
570 542 733 632 ineptiae
753 551 919 630 aliquando,
946 547 1259 630 tempore'lnccgnitc,

181 661 348 716 eventuram
373 655 551 731 intelligunt,
576 653 616 713 de
639 657 841 716 individuo
862 654 981 730 cogitat.
1022 653 1190 728 Quanquam
1217 655 1259 715 de

178 773 237 816 usu
254 756 342 817 totius
365 757 445 832 ,edoti
471 753 665 836 diversimode
687 755 832 832 iudicant,
858 771 944 830 quum
965 756 1258 832 oia‘i'propinetiaca

180 861 313 918 dianam
338 858 436 916 inesse
462 860 644 936 eenoedont,
670 873 727 918 areo
753 863 887 933 tempore
912 862 1021 916 eamn
1048 861 1256 943 comproban-

175 963 269 1038 dam,
294 961 368 1020 eiii
394 961 622 1034 montionem
640 957 803 1018 Paetinam
829 959 878 1016 eet
903 963 997 1018 tetrum
1020 959 1070 1018 eei
1093 975 1136 1016 ec
1162 965 1258 1034 parte

179 1063 349 1122 notioribus
366 1062 545 1135 ptoeduque
564 1062 656 1121 mica·
675 1061 766 1120 aecor
782 1061 909 1135 tenipori
921 1061 1084 1134 apostoliae
1102 1061 1257 1142 producis,

180 1179 225 1223 cm
243 1164 403 1222 Jndeiamc
423 1163 589 1238 munda,
604 1177 660 1222 nee
677 1167 825 1238 perpetuo
845 1163 992 1220 minaria.
1033 1160 1176 1221 Doctores
1196 1177 1257 1218 eo-

179 1264 288 1324 ciesiae
315 1267 445 1339 veteres,
476 1260 602 1320 unanimi
629 1275 771 1320 consensu
802 1263 1033 1320 vaticinationem
1059 1267 1257 1339 agnoscentes
1295 1259 1298 1266 ’

180 1367 322 1442 divinam,
348 1357 524 1439 decennov
545 1353 605 1441 ἆμ.
632 1363 670 1421 de
689 1379 814 1436 persona
839 1363 1050 1424 And-christi
1073 1364 1256 1436 interpretati

185 1470 260 1527 suot
308 1463 613 1540 chrysostomus,
646 1464 962 1541 cheopnyraatus,
995 1465 1253 1525 'theodoretus

178 1569 306 1630 breviter
333 1583 399 1626 eum
425 1566 562 1624 detiniunt
586 1565 745 1642 hominem,
774 1567 888 1626 πᾶσαν
915 1561 976 1638 τὴν
1002 1561 1160 1645 ineptior
1194 1568 1254 1626 τοῦ

179 1667 322 1733 Σατανᾶ
348 1662 584 1750 ἀμπεχόμενον
604 1685 629 1726 s.
650 1665 684 1728 ἐν
710 1660 816 1740 ἑαυτῷ
844 1662 1027 1747 δεχόμενον.
1069 1669 1253 1727 oecume-

178 1773 260 1834 nius
279 1769 422 1830 hominem
442 1771 507 1827 tdre
528 1770 598 1831 dicit
617 1769 795 1842 Hebraeum,
822 1770 951 1830 cuiusvis
970 1759 1086 1846 magiae
1105 1775 1135 1827 et
1154 1785 1252 1828 vene-

179 1873 240 1932 dcii
259 1872 392 1946 peritum.
438 1869 517 1932 luten
544 1872 719 1928 recentiores
746 1871 853 1929 Storr
878 1870 993 1929 dissert.
1019 1872 1039 1929 l.
1064 1886 1094 1944 p.
1114 1871 1166 1928 aa.
1187 1889 1251 1946 sqq,

111 2001 116 2012 ι
181 1973 397 2052 (consentiente
415 1971 572 2050 Flattio)
594 1975 764 2046 potestatem
782 1973 925 2045 quandam
944 1971 1068 2049 intelligi
1087 1974 1174 2032 docet
1186 1977 1250 2032 neo

179 2076 314 2150 omnique
332 2075 465 2151 religioni
484 2075 697 2162 adversariam,
725 2089 798 2147 quae
817 2073 929 2145 penitius
947 2071 1097 2151 incognita
1117 2075 1201 2134 nobis
1222 2078 1252 2133 et

178 2178 276 2238 tuturo
296 2177 411 2254 demum
429 2180 557 2248 tempora
576 2191 609 2234 se
628 2177 777 2247 proditura
795 2176 850 2251 sit,
868 2191 894 2239 a
914 2176 1113 2254 aliquamdi
1133 2178 1248 2236 emine-

178 2281 222 2342 nit
240 2279 354 2338 scelere
373 2292 410 2338 ac
429 2281 568 2350 potestate
592 2277 668 2336 inter
695 2277 857 2336 desertores
880 2277 1031 2355 religionis
1058 2279 1249 2340 Christianae.

184 2373 228 2444 'ut
250 2376 477 2456 adsignavere
497 2383 528 2436 et
545 2373 604 2439 eda
628 2374 808 2454 κατέχοντα
828 2382 950 2454 uterque
969 2380 1008 2438 ad
1028 2379 1169 2438 eiusmodi
1189 2379 1248 2438 ho-

181 2485 272 2544 mines
292 2483 396 2556 seren,
422 2480 472 2554 qur
496 2479 555 2538 ons
573 2480 720 2554 evangon
739 2479 915 2540 adversari·
943 2463 1098 2540 arveum
1124 2481 1249 2540 mnino

179 2577 344 2664 ἁμαρτίας
370 2581 607 2656 praeparantibus
637 2579 832 2640 tonitsdinem
852 2597 934 2640 suam
954 2586 985 2642 et
1002 2583 1136 2658 pietatem
1157 2584 1248 2642 Chri·

177 2688 300 2746 stiannm
318 2688 435 2744 strenue
461 2685 617 2758 opponant,
642 2683 811 2756 praesertim
838 2683 972 2744 dodones
997 2685 1144 2760 euangelii
1170 2685 1246 2744 insi·

179 2789 308 2865 gniores.
349 2783 480 2844 iiandam
507 2784 546 2843 de
571 2799 675 2858 sensu,
701 2800 758 2858 quo
784 2771 944 2858 Apostolus
965 2783 1109 2844 hominem
1134 2787 1248 2860 peccati

179 2889 357 2963 proditurum
377 2883 565 2960 nuntiaverit,
584 2884 798 2959 persuasionem
818 2885 1085 2957 Haydenreich
1111 2889 1142 2948 in
1162 2904 1246 2947 con-

179 2995 277 3050 ruentt
302 2985 399 3046 nuda
431 2985 575 3062 defendit,
606 3000 765 3060 quanquam
792 2991 897 3064 negat,
925 2979 1101 3068 ἄνθρωπον
1127 2977 1243 3071 ἅμἀρτ.

179 3091 330 3153 Paulinum
356 3103 423 3148 cum
442 3086 664 3146 Anti-Christo
689 3088 820 3147 Joanneo
845 3093 927 3146 recte
952 3091 1079 3150 oonrsrri
1107 3092 1183 3168 (qna
1210 3094 1245 3150 de

176 3211 214 3254 ra
233 3207 286 3251 cur
307 3191 387 3250 nobis
406 3203 493 3248 senus
512 3187 660 3264 vidntur,
685 3203 774 3262 supra
800 3191 1011 3269 ostendimus),
1036 3197 1121 3268 atque
1147 3193 1186 3253 da
1211 3209 1245 3253 eu

178 3292 335 3368 disceptari
354 3306 441 3367 posse
459 3290 490 3348 in
509 3293 780 3365 utramquepartem
792 3291 855 3363 ipse
870 3295 1026 3366 prestetur,
1046 3299 1151 3372 utrum,
1170 3297 1245 3368 quod

178 3397 284 3456 Paulus
303 3409 400 3456 mecm
426 3391 551 3450 maxime
576 3390 714 3452 maiorum
739 3395 887 3454 moralium
913 3395 1131 3480 antesignanum
1156 3395 1244 3454 exiii-

176 3498 248 3573 nuit,
267 3497 305 3554 ad
325 3494 470 3552 materiam
491 3491 620 3556 vaticinii
638 3509 727 3552 sensu
745 3494 860 3553 litterali
882 3498 987 3556 eventu
1007 3499 1243 3570 comprobandam

176 3599 333 3674 pertineat,
359 3612 397 3652 an
416 3591 524 3654 rectius
549 3589 667 3669 ingenio
687 3596 820 3670 Apostoli
839 3600 870 3654 at
894 3599 1072 3658 exornatioui
1097 3600 1245 3674 minant,

178 3702 220 3760 ita
239 3704 271 3757 ut
289 3697 349 3756 hoc
368 3699 476 3754 mutum
502 3698 632 3754 teneatur
657 3700 791 3770 nuquam
814 3712 864 3758 res
888 3703 955 3759 ante
980 3699 1117 3760 indicium
1142 3706 1243 3760 extre·

178 3819 256 3861 mnm
276 3803 355 3858 certo
374 3799 527 3856 eventura:
547 3797 602 3854 sub
617 3798 703 3856 tinem
722 3782 834 3858 dierum
854 3799 996 3858 acerrima
1015 3802 1167 3874 impietatis
1188 3803 1242 3860 de-

177 3903 367 3977 teodonisque
385 3913 484 3976 pugna
503 3899 664 3975 exardebit,
691 3915 777 3973 quam
803 3899 969 3980 παρουσία
989 3903 1103 3964 Domini
1126 3919 1244 3977 prorsus

179 4007 330 4078 componet
354 3999 511 4060 evertenda
538 3999 640 4074 quavis
667 4003 807 4074 potestate
831 4004 894 4062 Deo
920 4007 951 4062 et
975 4003 1091 4064 cincto
1121 4005 1243 4062 inimica

179 4107 370 4183 Negaverunt
398 4101 463 4177 aiii,
492 4101 678 4174 descriptioni
703 4103 840 4162 Paulinae
867 4103 980 4164 omnino
1006 4106 1113 4180 aliquid
1138 4106 1243 4180 inesse,

179 4209 256 4284 quod
277 4206 386 4266 mimos
406 4205 519 4262 nosnos
538 4203 576 4264 ad
597 4207 700 4266 wenta
719 4201 786 4266 oiim
810 4205 908 4264 murra
934 4209 1106 4268 conectere
1132 4208 1242 4284 debut,
