2620 4826
166 395 250 468 oeo
370 397 524 487 spasano
547 397 770 467 annana.
793 373 974 471 nmjv.
987 398 1052 470 ao.

168 569 282 636 datum
306 589 379 634 ease.
426 555 588 634 Sententia:
619 575 772 635 Mediator
803 574 923 653 pandent
944 593 1010 636 oon
1039 577 1099 636 nae
1126 579 1256 638 tantum

170 675 346 754 [ditemque
365 673 562 754 tnmmlndib')
583 679 722 736 ndentes
749 681 794 736 eat
818 677 926 735 homini
950 695 975 736 s.
1002 681 1095 758 parti,
1116 681 1136 738 i.
1165 697 1195 738 e.
1224 683 1255 738 in

170 779 272 852 quavis
293 791 383 836 cansa
401 777 526 835 humana
552 793 626 851 quae
652 777 810 836 mediatore
829 778 942 855 indiget
972 783 1053 838 duna
1080 787 1167 840 certe
1193 784 1255 839 ad-

169 877 236 937 sunt
253 885 358 955 postea
379 878 480 953 quibus
500 874 625 957 μεσίτης
651 878 805 959 inserviat,
831 879 896 938 sive
916 896 965 938 res
985 881 1061 939 inter
1082 883 1161 940 dnos
1183 887 1256 940 tan-

170 983 229 1038 tum
260 977 392 1038 homines
423 979 556 1056 singulos
586 981 762 1056 transigatur
793 979 858 1040 sive
888 982 1037 1041 multitudo
1070 983 1112 1042 sit
1142 983 1257 1060 ingens

171 1085 271 1140 eorum
298 1080 347 1156 qul
371 1082 533 1139 alterutram
553 1079 608 1140 ‘vel
635 1084 919 1156 utramquepartem
947 1085 1124 1142 constituant
1154 1085 1205 1160 (v.
1229 1101 1255 1142 e.
1302 1149 1303 1164 ἦ

170 1181 311 1263 populns)
334 1183 441 1242 -ubi
465 1184 564 1256 plures
592 1181 678 1242 immo
704 1183 785 1242 multi
810 1186 942 1259 &adem
962 1181 1099 1258 foederis
1124 1187 1257 1258 partici-
1302 1165 1303 1244 l

170 1300 224 1358 pes
243 1287 310 1342 sunt
329 1287 360 1344 et
378 1284 448 1343 dunt
471 1283 655 1360 (praesertim
677 1285 726 1344 ubl
745 1285 870 1344 maxima
884 1289 929 1343 est
948 1287 1134 1361 singulorum
1157 1284 1256 1345 moia-

71 1369 74 1376 ’
170 1385 278 1462 sitnia,
310 1387 377 1444 dum
398 1387 516 1444 mortuis
536 1387 696 1458 succedunt
721 1387 862 1464 posteri),
887 1387 976 1444 ranila
1002 1389 1107 1464 edam,
1135 1389 1257 1446 mutatis

170 1485 329 1545 animorum
350 1487 477 1546 consiliis
497 1489 583 1561 atque
603 1487 770 1564 propositis,
790 1487 894 1546 foedus
914 1492 1040 1546 mutatur
1060 1492 1114 1546 aut
1133 1491 1255 1568 tollitur,
1302 1515 1303 1518 ¹

170 1583 282 1677 μεσίτῃ
304 1586 386 1647 cuiue
406 1601 462 1662 ope
483 1587 665 1646 constitutum
686 1591 782 1646 iuerat
795 1587 873 1647 haud
888 1589 1062 1662 impediente
1076 1597 1114 1632 -'-
1129 1591 1256 1661 proinde

171 1701 209 1746 ex
230 1687 415 1768 ecquidem,
446 1689 521 1765 qnod
548 1688 596 1747 lex
621 1687 760 1748 stannea
785 1683 824 1749 tn
843 1691 955 1767 ysopi
980 1685 1153 1769 μεσίτου
1182 1709 1253 1763 pro-

170 1785 300 1870 mulgata
320 1790 534 1870 est'(v.19.),
555 1803 612 1849 non
632 1789 774 1866 sequitur,
800 1793 997 1850 auctoritatem
1025 1789 1053 1849 ei
1082 1797 1254 1865 competere

170 1898 338 1969 perpetuam
361 1891 423 1972 [his
443 1891 509 1953 vbb.
529 1891 637 1949 Paulus
658 1891 809 1968 corrigere
833 1893 924 1952 coluit
949 1907 1125 1966 perversam
1156 1909 1252 1952 eorum

172 1993 348 2073 opinionem,
377 1991 427 2070 qui
446 1990 475 2052 in
497 1991 678 2051 defendenda
700 1992 778 2070 legis
803 1995 971 2054 auctoritate
995 1999 1178 2068 perpetuum
1201 2013 1253 2053 raa

170 2097 256 2156 litura
276 2097 314 2156 ad
334 2109 486 2172 personam
506 2097 603 2154 Mesia
629 2095 794 2154 mediatoris
813 2095 1026 2174 provocarent]
1052 2106 1094 2141 —-'
1117 2105 1254 2158 atinum

172 2195 258 2258 Deua
278 2203 322 2258 cat
342 2213 435 2278 oona,
456 2194 505 2272 qui
524 2207 640 2269 semper
658 2195 734 2254 idem
754 2201 849 2256 manet
868 2201 947 2257 Deus
967 2197 1171 2275 immutabilis,
1191 2203 1254 2257 soe-

173 2299 227 2359 dus
247 2299 437 2378 legislationis
459 2297 558 2357 Sinait.
585 2313 642 2355 non
662 2297 879 2357 rothonense
905 2299 958 2356 sed
979 2301 1098 2357 divinae
1119 2301 1253 2358 ammori-

64 2405 67 2414 “
172 2400 251 2477 tatis,
278 2417 371 2475 neque
391 2402 427 2460 ab
448 2400 563 2458 arbitrio
584 2397 728 2456 hominnm
749 2401 802 2458 sed
821 2417 841 2458 a
861 2401 1006 2458 voluntate
1027 2400 1253 2473 [tei'pendebat

172 2501 364 2562 immutabilis.
401 2503 456 2561 His
475 2500 684 2576 perpendendis
705 2503 832 2575 quaestio
852 2503 1030 2561 excitabatur
1051 2502 1255 2582 (v.21.),an
1302 2513 1303 2562 1

173 2605 250 2664 rara
274 2603 349 2663 naen
372 2603 515 2680 legislatio
543 2602 683 2661 staalda
708 2605 876 2662 auctorante
903 2605 1005 2662 urana
1030 2581 1164 2681 insignis
1193 2611 1254 2681 spa

174 2703 241 2773 Deo
261 2706 381 2764 tabente
408 2703 624 2780 promissionem
650 2705 797 2763 Abraamo
824 2707 919 2763 datam
945 2707 1086 2762 eiusmodi
1112 2707 1255 2765 limitibus
1302 2719 1303 2724 ’

174 2805 413 2866 circumscribere
443 2805 585 2883 (mutare)
614 2807 754 2882 voluerit,
781 2811 812 2864 ut
838 2823 893 2866 non
921 2805 1044 2878 amplius
1071 2815 1157 2865 esset
1186 2825 1254 2881 pro-

174 2906 274 2965 missio
295 2909 379 2966 culus
400 2912 520 2966 eventus
539 2907 648 2965 liberae
673 2909 780 2965 tantum
801 2910 855 2967 Dei
880 2911 994 2986 gratiae
1021 2907 1254 2968 adnectereturi

175 3008 342 3082 Quanquam
363 3011 448 3068 etiam
468 3008 544 3067 haec
562 3009 709 3081 interpret.
728 3011 859 3088 postulat,
878 3015 911 3067 ut
930 3007 1066 3068 nonnulla
1087 3013 1255 3085 supplean-

174 3113 220 3168 tur
249 3110 289 3169 ad
321 3111 465 3188 integram
494 3110 579 3170 Pauli
608 3113 885 3186 argumentationem
915 3118 995 3170 reete
1028 3111 1255 3188 intelligendam

177 3211 269 3288 (qnod
293 3213 390 3271 adhuc
420 3227 538 3290 omnes,
568 3217 703 3286 qnantum
730 3213 861 3288 memini,
889 3213 1022 3270 fecerunt
1045 3213 1256 3291 interpretes),
1302 3245 1303 3286 2

175 3311 281 3371 nnllam
300 3318 397 3374 tamen
416 3315 466 3373 vel
486 3311 608 3371 vo'culae
628 3313 677 3370 vel
698 3315 855 3394 sententiae
873 3313 984 3386 ellipsin
1002 3315 1167 3374 admisisse
1190 3319 1257 3375 mibi

175 3415 290 3491 videor,
319 3429 394 3489 qnae
425 3415 525 3474 dudor
553 3417 653 3488 posset
677 3413 780 3472 videri.
834 3415 950 3473 Nodum
978 3417 1133 3474 dissonare
1163 3421 1259 3490 potius
1302 3461 1303 3546 ,

62 3537 64 3544 ⁴
176 3531 261 3592 quam
281 3517 397 3575 solvere
417 3518 538 3576 dixerim
560 3532 611 3574 eos
632 3515 679 3591 qrri
694 3520 782 3573 totum
801 3531 912 3574 comma
925 3517 975 3575 20.
994 3519 1127 3590 spurium
1153 3519 1261 3578 habent
1302 3579 1303 3606 ,

176 3633 214 3677 ex
242 3617 461 3694 glossematibus
487 3622 597 3678 mature
629 3619 783 3690 adscriptis
814 3619 973 3677 oriundum.
1022 3619 1149 3678 Etenim
1186 3623 1262 3696 quod
1302 3639 1303 3680 l

179 3721 342 3794 nuperrime
361 3721 400 3777 V.
421 3721 544 3778 bucko
565 3721 595 3776 in
614 3725 763 3778 comment.
779 3737 867 3794 supra
881 3721 959 3778 laud.
977 3719 1048 3777 truie
1065 3723 1263 3780 coniecturae
1302 3681 1303 3766 i

179 3817 334 3895 praecipue
361 3824 463 3879 tavare
488 3821 660 3880 existimavit
691 3823 848 3900 silentium,
876 3839 932 3896 qno
956 3824 1143 3880 irenaeus
1175 3826 1263 3883 cie-

181 3938 278 3982 mens
297 3923 397 3982 Alex.
424 3921 601 3998 Origenes
629 3923 705 3980 hunc
726 3939 842 3981 versum
862 3923 893 3982 in
913 3925 948 3982 iis
968 3923 1107 3981 librorum
1134 3941 1262 3983 suorum

181 4024 354 4086 sectionibus
375 4024 547 4098 transierint,
574 4039 647 4098 quae
668 4027 903 4100 opportunitatem
923 4025 1054 4082 idoneam
1076 4029 1267 4098 praeberent
1302 4101 1303 4104 Ἴ

181 4141 285 4186 versus
307 4123 357 4183 oo.
379 4126 542 4198 explicandi
562 4128 591 4182 et
610 4126 773 4204 adhibendi,
794 4127 881 4184 facile
899 4128 993 4198 potest
1013 4141 1051 4183 ex
1072 4125 1146 4198 ipsa
1169 4129 1266 4188 buius

182 4241 283 4285 comm.
304 4226 488 4302 ambiguitate
514 4231 542 4285 et
563 4227 731 4286 difficultate
749 4228 884 4307 intelligi,
905 4241 961 4302 qua
979 4227 1081 4300 plures
1101 4231 1269 4306 antiquio-
