2620 4826
144 397 227 469 4⁷0
288 396 444 487 Epistola
465 397 508 464 arl
531 393 685 464 Galatas.
718 393 759 467 Ο.
771 391 835 462 111.
855 390 900 462 V.
913 387 962 458 ai
975 379 1091 462 -24

150 578 297 634 versatum
318 577 378 652 est,
403 571 575 649 perlegam
596 571 710 630 demum
735 571 816 630 reete
844 534 993 644 oogultum
1019 579 1089 622 esse
1117 577 1239 638 pauea-

150 679 211 736 tmu
230 679 263 734 et
284 676 399 749 eulpam
417 674 572 732 humanam
592 672 753 752 Ruentem,
766 669 841 728 Μ.
883 668 1019 727 consede
1039 667 1071 727 id
1091 669 1239 726 minae

150 779 252 838 meere
271 777 310 836 ad
330 793 393 834 rem
413 775 587 849 propositam
606 774 800 848 probandam,
823 769 920 846 legem
940 769 1019 828 Moe.
1047 781 1107 826 nou
1126 769 1175 826 ira
1203 783 1239 826 se

151 877 279 956 habere,
299 881 332 936 ut
350 869 409 936 true
429 877 610 936 observanda
629 875 759 934 hemines
778 875 841 932 lieo
861 871 1027 943 probantur.
1068 869 1136 928 Sed
1157 869 1239 926 irase

150 975 218 1050 ipsa
244 977 384 1037 sententia
414 981 474 1038 tam
501 981 584 1036 arete
610 977 746 1036 cohaeret
777 975 818 1033 ilii
846 973 895 1052 (iu
920 989 965 1046 ep.
990 973 1029 1031 ad
1055 973 1182 1030 diesuna
1201 973 1237 1049 3,
1296 1023 1297 1034 2

153 1079 283 1140 9-19.
304 1080 421 1139 abemus
442 1079 671 1158 pertractataeJr
699 1077 844 1148 scriptura
871 1089 956 1134 saera
975 1077 1103 1132 testante
1129 1087 1238 1130 omnes

153 1183 221 1242 aurit
241 1181 352 1258 vitiosi,
379 1184 412 1240 ut
431 1181 603 1254 Apostolum
623 1180 653 1238 h.
673 1178 694 1237 l.
715 1179 801 1238 etiam
822 1177 859 1235 de
880 1177 937 1235 hoo
957 1176 1123 1249 seripturae
1144 1175 1238 1234 testi-

152 1281 248 1343 ruonio
270 1282 418 1359 cogitasse
438 1282 607 1358 existimem,
627 1281 798 1354 praesertim
819 1295 906 1353 quum
925 1279 1031 1337 voeem'
1049 1293 1106 1351 per
1125 1292 1167 1334 se
1186 1276 1237 1332 la-
1296 1289 1297 1292 ¹

152 1383 210 1442 tius
229 1386 371 1457 patentem
392 1373 413 1455 ἦ
438 1377 575 1462 γραφὴ
603 1377 814 1460 (συνέκλεισεν
835 1373 877 1439 rol
901 1375 1013 1440 πάντα
1035 1379 1113 1456 eta]
1144 1377 1238 1436 adhi-

154 1485 249 1544 buerit
269 1500 362 1559 nepue
381 1483 530 1558 scripserit
549 1475 567 1544 ὅ
587 1477 697 1561 νόμος.
737 1485 806 1555 Ipsa
825 1483 866 1541 V.
877 1483 913 1540 ¹1¹.
933 1479 1066 1538 doetrina
1087 1483 1118 1538 et
1140 1493 1237 1539 oeae-

153 1585 264 1664 nemia,
286 1587 476 1646 Christianam
495 1601 684 1662 praeparans,
705 1583 887 1642 vitiositatem
907 1581 1053 1641 hominum
1075 1581 1138 1660 (et,
1160 1583 1237 1656 qnod

151 1683 221 1748 inde
240 1689 385 1765 sequitur,
411 1687 556 1747 miseriam
576 1690 696 1761 peeoato
719 1685 899 1760 oouiunotam
926 1683 1004 1741 vitae
1031 1699 1067 1742 ex
1098 1683 1238 1743 δικαιο-

156 1785 238 1872 σύνγ
266 1791 405 1850 oriundae
440 1787 617 1867 oppositam)
646 1804 766 1862 prorsus
793 1787 946 1863 pateteoit,
977 1785 1127 1860 praesidio
1158 1787 1237 1844 nullu

153 1890 350 1966 impetrandae
371 1893 427 1965 τῆς
448 1886 655 1964 δικαιοσύνης
675 1893 848 1966 monstrato,
876 1887 943 1948 iva
970 1877 992 1961 ἦ
1014 1881 1236 1965 ἐπαγγελία

151 1973 210 2051 'eta
230 1999 267 2054 ut
284 2009 335 2053 rea
352 1995 504 2071 proruisse
524 1991 622 2068 (salus
642 1987 815 2070 ἐπαγγελία
837 2007 866 2049 v.
878 1987 947 2067 14.)
966 2005 1024 2066 per
1041 1987 1140 2063 pium·
1161 1991 1237 2047 Jesrr

156 2097 274 2156 camere
296 2096 428 2155 Mittam
448 2093 516 2172 (vd.
528 2091 559 2169 2,
573 2091 623 2150 16.
637 2091 707 2170 2⁰.)
729 2086 1104 2170 eondupmet'fidmtiiw,
1126 2094 1165 2149 ut
1185 2105 1237 2148 ra-

154 2198 215 2254 tum
236 2200 314 2254 esset
333 2199 363 2254 et
381 2197 477 2271 palam
496 2195 721 2270 intelligeretur,
747 2193 937 2252 uenditionem
957 2209 1015 2268 qna
1035 2193 1100 2250 oen
1122 2196 1236 2265 probe-

156 2313 222 2357 mur
242 2303 271 2356 et
292 2298 386 2376 (quaa
405 2298 473 2356 inde
492 2297 634 2374 pendeat)
660 2296 784 2354 salutem
804 2310 861 2355 non
882 2295 961 2352 efflei
979 2295 1047 2370 iege
1067 2293 1153 2355 Mos.
1181 2298 1236 2354 ob-

155 2401 301 2461 servanda
328 2399 382 2458 sed
413 2401 471 2458 tide
499 2399 615 2459 Christo
649 2397 821 2474 praebenda
877 2395 1038 2454 Gravitatis
1072 2400 1236 2456 senteut'ae

156 2515 262 2577 eausa,
289 2515 448 2574 quanquam
476 2499 640 2559 coniunctio
671 2499 771 2558 salutis
796 2497 993 2571 impetrandae
1023 2513 1092 2558 oum
1130 2497 1234 2560 πίστει

156 2602 227 2662 satia
252 2601 377 2658 dilucide
403 2601 470 2660 vbb.
502 2599 558 2664 ἵνα
585 2592 606 2675 ἦ
636 2596 804 2681 ἐπαγγελία
832 2597 872 2662 ἐκ
901 2597 1069 2665 πίστεως
1096 2599 1132 2667 I.
1162 2603 1201 2665 X
1209 2623 1235 2682 ρ.

156 2697 257 2790 δοθῇ
285 2701 432 2761 declarata
451 2703 565 2783 tuerat,
590 2704 643 2762 sub
669 2702 754 2760 tinem
779 2705 875 2760 tamen
902 2701 1017 2760 additur
1043 2707 1134 2768 τοῖς
1165 2723 1235 2762 αι-

158 2797 398 2881 ατεύουσιν,
431 2807 548 2866 aman.
570 2805 675 2883 1,1r.
710 2805 891 2884 Philippii,
912 2805 944 2862 9.
993 2804 1092 2864 Aliter
1127 2821 1235 2864 nexum

155 2903 243 2964 nnus
265 2905 412 2964 nummatis
433 2907 570 2978 expiiouit
590 2907 766 2965 Rdokertr
792 2904 937 2978 scriptura
957 2909 1054 2966 autem
1075 2923 1170 2965 saera
1188 2913 1235 2964 te-

154 3009 261 3083 eamr,
280 3007 375 3066 Deum
395 3007 526 3066 homines
546 3024 645 3067 omnes
664 3007 815 3066 vitiositati
834 3007 989 3066 tradidisse
1010 3007 1073 3084 [ita
1092 3013 1130 3066 nt
1150 3009 1235 3067 suan

155 3109 284 3168 iudaeos
290 3149 301 3186 ,
328 3109 460 3183 quamvis
479 3110 576 3186 legem
595 3111 792 3186 aeoepissent,
818 3113 914 3167 tamen
939 3113 1066 3183 peoeato
1094 3111 1236 3170 obnoxios

157 3225 274 3270 manere
293 3215 456 3288 peteretur,
482 3227 577 3286 neque
603 3227 764 3287 quenquam
785 3211 854 3270 huio
874 3211 935 3285 legi
960 3225 1085 3282 prorsus
1110 3213 1235 3269 satisn-
1296 3245 1297 3262 t

127 3309 130 3318 '
157 3313 244 3390 sere)
265 3316 434 3393 propterea,
455 3314 566 3372 utalia
587 3315 706 3389 quaevis
726 3313 777 3372 via
797 3311 900 3370 salutis
920 3311 1121 3385 impetrandae
1144 3329 1236 3386 prae-

154 3417 200 3472 ter
219 3413 297 3474 iilam
316 3431 369 3488 per
389 3415 534 3474 Christum
555 3417 768 3476 monstrandam
786 3413 1034 3473 intereluderetur.
1077 3415 1150 3473 Nisi
1169 3431 1236 3473 om-
1296 3413 1297 3428 ³

157 3515 207 3575 nia
226 3531 273 3574 me
292 3517 411 3596 indunt,
436 3519 610 3594 Apostolus,
635 3519 662 3578 si
681 3519 711 3578 la
733 3521 753 3578 ἱ.
774 3517 812 3577 de
832 3520 895 3577 lieo
913 3519 978 3592 ipso
1003 3515 1141 3573 hemines
1167 3517 1238 3574 rei-

155 3617 198 3675 uti
224 3617 392 3679 subiioiente
423 3623 544 3693 pensato
579 3623 753 3699 eogitasset,
787 3620 946 3695 seripturus
977 3620 1074 3694 potius
1114 3619 1237 3678 ratas:

156 3711 225 3776 ἀλλ’
250 3708 268 3779 ὅ
291 3713 387 3784 θεὸς
409 3717 602 3783 συνέκλεισεν
624 3715 814 3782 adrumeto.
856 3723 937 3792 Quae
955 3721 986 3779 iu
1007 3722 1141 3780 oratione
1162 3737 1239 3780 eon·

157 3823 237 3877 texta
270 3807 443 3882 obveniente
471 3817 556 3883 ditat
591 3817 785 3886 συαέκλεισεν
813 3814 833 3896 ἦ
866 3817 1005 3902 γραφὴ
1033 3827 1090 3881 ate.
1118 3825 1240 3882 saeiiius

157 3907 305 3981 adduouut
330 3937 396 3982 eam
431 3941 517 3999 quem
543 3941 631 3999 supra
658 3925 841 3998 exposuimus
873 3925 1060 3984 sententium:
1088 3927 1240 3998 scriptura

155 4039 181 4082 a.
208 4037 308 4082 omnes
333 4029 453 4099 pensato
487 4025 623 4086 obnoxios
655 4043 721 4085 asse
747 4025 853 4085 doouit
907 4027 1022 4085 Nexum
1050 4028 1241 4086 mmmodnm
1296 4047 1297 4056 ¹

157 4139 213 4200 quo
233 4126 323 4185 veron
342 4128 387 4186 sio
406 4128 552 4190 intelieota
580 4129 686 4188 ueteris
705 4127 877 4188 nohaereant
897 4128 975 4186 haud
996 4129 1119 4205 deme,
1143 4147 1183 4188 ex
1203 4131 1242 4189 iis
1296 4141 1297 4164 *

157 4231 236 4302 patet
256 4244 331 4305 quae
356 4246 445 4304 supra
471 4231 508 4292 de
534 4231 653 4292 nansitu
674 4231 811 4291 orationis
830 4248 849 4291 a
871 4249 899 4290 v.
911 4231 963 4290 ai.
986 4232 1024 4290 ad
1043 4247 1075 4290 v.
1089 4230 1145 4289 82.
1165 4233 1241 4292 bre·
1296 4247 1297 4314 f
