2724 4826
162 315 240 390 1¹8
288 316 399 408 Epist.
419 315 448 384 1.
475 317 519 384 ud
541 312 715 384 Thessali.
745 313 783 382 0.
800 313 861 384 lv.
890 310 934 384 V.
957 307 1028 384 11-
1043 310 1105 380 la.

159 491 261 553 iterum
282 493 386 568 alloqui
407 509 458 552 eos
477 490 583 566 poton
604 492 658 567 qul
677 492 762 552 Deua
782 493 857 550 adeo
877 489 958 550 entis
978 491 1118 566 spirltum
1137 504 1230 550 παιια

150 597 296 686 ⁴‹artt'nnun
321 598 497 654 lustrantem
522 601 552 654 et
579 596 784 652 crannonem
811 593 980 666 contingere
1000 568 1104 672 tuerit,
1134 608 1230 666 quen-

162 713 248 778 quam
276 712 305 754 r.
327 695 356 753 7.
377 711 501 768 persona
523 695 553 757 1.
582 695 656 768 plur.
676 711 747 752 usus
766 695 874 770 iuerat,
901 710 938 752 ex
964 704 1044 751 moro
1069 693 1232 766 Apostolo-

161 814 241 876 rum,
262 813 334 873 quae
353 795 483 869 proxime
502 797 639 855 laetorum
667 810 784 854 suorum
804 795 915 853 ratione
933 794 1032 853 habita
1058 793 1233 852 enuntia-iuri

162 889 272 974 essent,
300 899 384 958 mollo
411 899 448 958 de
467 897 513 958 his
540 901 647 956 tantum
668 897 835 973 eloquendi,
862 897 946 956 motio
973 895 1011 953 ari
1037 899 1128 956 semet
1152 895 1233 968 ipsos

162 1015 275 1078 quoque
294 999 496 1058 transterendi.
543 1001 772 1071 Exspectabam
792 998 891 1071 utique
910 1001 1026 1072 propter
1053 1014 1082 1056 v.
1104 995 1133 1054 t.
1160 1012 1233 1070 per·
1346 1032 1347 1050 .

161 1117 235 1164 sona
255 1100 284 1159 1.
311 1089 421 1177 ἡμᾶς,
445 1102 522 1158 unde
541 1105 664 1176 lantum,
691 1103 723 1158 ut
749 1099 834 1157 lectio
855 1101 998 1172 primitiva
1026 1090 1116 1178 ὑμᾶς
1141 1098 1235 1174 atteri,

78 1257 81 1268 ,
162 1201 303 1279 monton,
330 1216 367 1262 ex
388 1201 553 1278 corrigendi
573 1201 667 1260 studio
687 1203 836 1274 protentae
862 1201 892 1258 in
920 1191 1130 1276 exemplaribus
1156 1200 1235 1258 rnul-

160 1303 200 1365 tie
221 1304 350 1378 eederet,
377 1305 545 1375 praesertim
570 1319 655 1375 quum
677 1319 714 1362 ex
735 1304 800 1362 vhe.
828 1295 900 1360 οὐκ.
923 1295 1021 1381 trop.
1048 1295 1163 1363 ἀθετεῖ
1181 1303 1233 1358 la-

164 1405 220 1464 oile
247 1405 447 1480 colligeretur,
473 1425 523 1465 πν.
547 1397 643 1482 ἅγιον
669 1405 699 1464 h.
718 1406 738 1463 l.
759 1405 950 1463 adiumentum
970 1405 1091 1462 innuere
1111 1403 1237 1476 Spiritus

166 1506 226 1568 dlv.
256 1507 332 1580 quod
359 1505 496 1583 Apostoli
516 1509 654 1566 lecenter
674 1507 847 1579 acceperint.
897 1507 979 1574 Quod
1003 1507 1143 1580 reliquam
1171 1505 1237 1562 leot

164 1607 359 1668 diversitatem
380 1609 493 1686 attinet,
515 1610 590 1684 quotl
609 1608 715 1666 vocula
735 1603 801 1666 καὶ
822 1610 888 1665 ante
910 1601 1037 1666 δόντα
1056 1606 1088 1665 in
1108 1606 1235 1664 nonnul-

164 1708 202 1768 lis
222 1708 413 1786 insigniorum
434 1711 517 1768 codd.
545 1714 573 1768 et
598 1726 692 1767 verse.
711 1707 825 1774 Atell,
847 1709 982 1767 Peaelttto
1004 1710 1086 1768 Stoa.
1113 1708 1238 1782 itemque

167 1809 244 1882 aput
266 1813 418 1890 Chryseal.
444 1813 604 1888 l‘lteopltyl.
635 1811 763 1884 aliosque
782 1813 879 1882 patres
900 1810 1049 1886 omittitur,
1077 1809 1149 1866 mihi
1168 1807 1237 1882 qui.-

167 1911 233 1972 tleu
262 1927 299 1970 ex
326 1913 440 1986 antiqno
461 1912 607 1971 scribendi
627 1926 726 1969 errore
754 1912 871 1970 tinuisse
891 1911 1020 1988 videtur,
1047 1926 1134 1984 quum
1162 1908 1238 1968 oeuli

167 2011 347 2072 librariorum
367 2029 386 2070 a
406 2014 515 2086 syllaba
544 2005 612 2071 ιόν
638 2013 726 2070 laosse
746 2013 783 2070 all
810 2013 948 2084 syllabam
973 2011 1099 2086 priorem
1127 2011 1169 2070 illi
1195 2010 1240 2068 si-

168 2113 313 2172 millimam
333 2114 477 2188 pernotuit
499 2108 625 2174 ticinen
647 2116 783 2173 aberrare
802 2113 953 2186 potuerint.
996 2113 1146 2186 Scriptura
1167 2129 1239 2171 vero

169 2207 359 2295 διδόντα,
388 2215 519 2273 eodioum
553 2215 666 2290 quidem
699 2215 868 2274 auctoritate
894 2214 973 2274 heutl
1005 2214 1155 2290 destituta,
1184 2211 1240 2270 nisi

169 2315 263 2374 omnia
283 2332 330 2377 me
349 2317 466 2392 tollunt,
492 2317 638 2392 glossema
664 2317 739 2389 sapit
759 2316 968 2396 dogmaticum,
997 2331 1053 2389 quo
1079 2316 1242 2392 doceretur,

169 2416 308 2492 sonitum
329 2418 386 2476 div.
408 2421 549 2478 continuo
571 2420 647 2476 dart
660 2417 821 2476 hominibus
843 2417 957 2476 Christo
978 2417 1111 2476 addictis.

256 2519 420 2594 Sequuntur
440 2519 497 2576 alia
516 2523 681 2594 praecepto,
700 2523 733 2576 ut
751 2519 902 2592 proficient
919 2517 949 2575 in
962 2533 1059 2576 amore
1074 2517 1139 2576 aliis
1150 2533 1241 2592 prae-

132 2651 137 2658 ·
170 2621 287 2696 molo,
313 2621 500 2694 studeamque
525 2619 720 2696 tranquillitati
745 2638 764 2677 v
778 2625 825 2679 tae
856 2625 886 2680 et
910 2617 1070 2682 industriae
1094 2619 1124 2678 in
1152 2633 1241 2692 nuere

169 2720 313 2780 laniando.

255 2816 299 2885 V.
329 2811 479 2884 9-12.
530 2819 618 2906 Περὶ
652 2818 687 2884 δὲ
715 2817 774 2898 τῆς
808 2817 1026 2911 φιλαδελφίας
1064 2812 1104 2886 οὗ
1130 2814 1243 2907 χρείαν

214 2915 300 3006 ἔχετε
321 2914 461 3010 γραίᾳ-ειν
480 2912 568 3008 ὑμῖν.
612 2924 663 3002 (ν.
691 2919 773 3004 10.)
795 2915 903 2988 Αὐτοὶ
923 2924 987 3014 γὰρ
1016 2916 1108 3010 ὑμεῖς
1130 2919 1243 2990 θεοδί-

217 3020 332 3088 δακτοί
363 3022 435 3088 ἐστι
456 3017 501 3101 είς
523 3018 560 3090 τὸ
581 3017 712 3108 ἀγαπᾶν
738 3016 915 3104 ἀλλήλους·
947 3028 1004 3092 καὶ
1029 3021 1093 3116 γὰρ
1123 3026 1245 3092 ποιεῖτε

214 3117 297 3190 αὐτὸ
319 3117 364 3203 εἰς
391 3121 518 3206 πάντας
553 3120 630 3204 τοὺς
659 3120 823 3218 uriel-quoue
844 3123 923 3206 τοὺς
948 3129 981 3196 ἐν
1009 3119 1069 3222 ὅλῃ
1096 3128 1138 3220 τῇ
1161 3129 1244 3194 Mn·

215 3223 357 3320 κεδονίᾳ.
407 3232 457 3310 [v.
484 3227 565 3311 11.)
596 3229 864 3317 Παρακαλοῦμεν
898 3233 933 3298 δὲ
960 3226 1066 3319 ὑμᾶς,
1097 3224 1243 3320 ἇᾶιλφοίι

217 3323 420 3410 περισσεύειν
447 3330 591 3417 μᾶλλον,
624 3335 683 3412 καὶ,
707 3334 965 3421 φιλοτιμεῖσθαι
984 3329 1159 3420 ἡσυχάζειν
1190 3334 1246 3398 καὶ

178 3455 180 3464 “
218 3421 380 3520 πριίσσιιν
407 3427 450 3498 τὰ
481 3433 550 3500 ἴδια
577 3437 632 3502 καὶ
669 3429 871 3522 ἐργάζεσθαι
896 3441 970 3516 ταῖς
1008 3431 1107 3514 ἰδίαις
1132 3436 1244 3524 χερσὶν

217 3524 329 3618 ὑμῶν,
358 3531 478 3614 καθὼς
506 3528 585 3620 ὑμῖν
619 3537 896 3626 παρηγγείλαμεν·
927 3544 977 3622 [v.
1004 3536 1085 3620 12.)
1111 3531 1170 3606 ἵνα
1190 3560 1247 3604 πε-
1323 3533 1325 3536 ’

216 3635 376 3754 geometra
396 3631 605 3726 εὐσχημόνως
627 3636 709 3728 πρὸς
727 3635 806 3722 τοὺς
820 3640 890 3728 ἔξω,
910 3645 967 3708 καὶ
978 3635 1120 3728 μηδενὸς
1132 3637 1247 3730 χροίαν

217 3761 321 3825 εχητε.

260 3845 404 3904 llximiam
435 3845 504 3904 vide
535 3847 722 3908 urbanitatem
750 3848 975 3924 cohortationis,
1008 3865 1092 3923 quam
1122 3847 1247 3908 tuumne

174 3946 333 4020 praemissa
352 3947 392 4004 ita
412 3946 551 4022 emolliat,
578 3953 609 4008 ut
635 3949 722 4008 taeile
749 3968 783 4010 se
809 3951 933 4010 insinuet
959 3952 989 4009 in
1008 3951 1120 4010 animm
1139 3951 1247 4026 legen·-

174 4046 244 4106 tium
276 4065 306 4104 v.
328 4049 373 4106 9.ι
422 4051 493 4108 Non
518 4065 594 4124 opus
618 4051 732 4113 tutem
760 4059 794 4112 ut
813 4055 969 4114 ιανῠιασσ
995 4069 1048 4114 σοι
1075 4067 1247 4115 eommum-

173 4145 288 4220 [ασιάα
308 4151 346 4212 de
366 4165 469 4214 amore
490 4154 595 4214 suern
609 4154 720 4216 clunis·
741 4157 904 4218 οιιὶίονίίιαν
924 4157 1101 4218 ιαλίίιαηᾰσ.
1131 4149 1248 4219 Ἀδολ-
