2724 4826
193 315 277 386 108·
347 317 455 408 Epist.
465 317 495 385 l.
518 319 562 386 ad
583 315 755 386 Thessali.
784 315 823 386 Ο.
837 315 898 388 lv.
920 316 963 388 V·
978 315 1101 386 3-6.

188 493 357 568 explicando
379 493 552 554 inserviunt:
577 500 613 554 ut
637 495 809 554 abstineatis
833 495 949 554 Venere
967 496 1074 555 illicita
1094 497 1150 552 eta
1164 525 1176 548 r
1190 494 1243 552 la-

186 596 244 656 tios
264 595 368 670 qnippe
387 599 463 670 patet
484 592 660 674 asprata,
684 599 714 654 et
726 595 763 653 de
778 595 963 671 scortatione,
982 613 1012 654 v.
1026 613 1053 654 c.
1069 599 1184 682 ⁸ltluttlt
1199 600 1244 672 te,

190 697 240 756 ta.
269 699 335 758 aar.
348 701 382 777 ὅ,
396 699 447 758 19.
475 696 544 774 (uhi
568 693 698 773 πορνεία
724 711 744 754 a
769 692 897 776 μοιχείᾳ
924 697 1131 776 distinguitur)
1158 701 1187 756 et
1215 699 1246 754 de

187 798 342 874 adulterio,
367 799 476 860 Mattio
495 801 529 876 ὅ,
549 801 603 858 22.
649 797 740 866 Quem
765 796 958 873 significatum
984 800 1153 871 ampliorem
1179 799 1246 856 haul

187 900 273 960 dubie
291 901 413 960 innuere
431 899 521 958 voluit
546 899 631 958 lectio
656 899 936 972 interpretamentum
962 901 1096 960 redolens
1123 895 1246 972 aduae

185 1021 273 1081 πορν.
295 1003 325 1062 ln
345 1001 488 1060 nonnullis
503 1001 586 1084 codd.
600 1004 630 1058 et
642 1000 776 1060 versione
789 1001 856 1072 Syr.
869 1001 962 1058 Arah.
979 1001 1114 1060 editionis
1127 1003 1249 1080 lirpanii,

185 1103 309 1177 itemque
341 1103 417 1176 apud
449 1103 707 1181 chrysostomum,
734 1101 879 1160 'dheodor-
911 1087 1083 1176 'l'heophyls
1108 1119 1249 1176 expressa

185 1205 388 1266 ntmcnluten
414 1206 517 1278 parant
541 1219 621 1277 seqq.
648 1199 798 1266 εἰδέναι
826 1199 1000 1264 ἕκαστον
1025 1209 1081 1262 eta
1129 1206 1250 1272 Quaeri-

185 1313 232 1364 tur
253 1306 343 1380 enin,
362 1319 418 1378 quo
439 1320 527 1364 sensu
546 1305 658 1363 dicatur
679 1305 821 1369 axedus
841 1304 931 1382 (vas)
953 1297 1129 1366 {acacii
1171 1307 1251 1364 llaud

187 1408 274 1479 pauci
293 1408 472 1482 interpretes,
490 1407 565 1465 inter
577 1409 671 1478 patres
689 1420 814 1480 maccus
836 1405 1121 1479 chrysostomus
1143 1407 1252 1482 (mmu-

186 1515 245 1566 tum
266 1507 405 1584 colligere
424 1508 492 1566 licet
512 1523 548 1566 ex
569 1506 667 1565 vorbis
688 1505 837 1578 Chrysost.
857 1506 974 1565 homilia
993 1509 1033 1566 V.
1054 1511 1093 1568 ad
1113 1510 1192 1567 hanc
1212 1525 1252 1582 ep.

186 1604 274 1688 ἄρα
296 1601 411 1690 ἡμεῖς
432 1601 557 1678 αὐτό,
583 1600 618 1668 τὸ
643 1607 770 1678 σκεῦος,
794 1602 1004 1686 κτώμεθα,
1032 1601 1135 1671 ὅταν
1154 1607 1252 1699 μένῃ

185 1705 396 1790 καθαρὸν,
426 1705 493 1768 καὶ
521 1701 628 1768 ἔστιν
653 1705 693 1768 lo
725 1699 932 1788 ἁγιασμῷ,
960 1699 1055 1771 ὅταν
1084 1707 1125 1776 δέ
1151 1708 1254 1772 eiad.

80 1811 84 1830 '
184 1815 354 1892 θαρτον,
374 1803 555 1890 ἁμαρτία
577 1809 640 1870 scil.
661 1811 779 1870 assam
799 1804 896 1869 oded·
921 1805 969 1870 οὔ
995 1805 1075 1890 reip
1106 1806 1132 1872 ἃ
1158 1816 1252 1894 βου·
1320 1806 1321 1826 ’

184 1912 346 1994 topica
374 1905 735 1991 updcrso'ioonda,
764 1905 844 1970 ἀλλ’
872 1905 898 1970 ὃ
923 1909 1056 1985 ἐκείνη
1088 1910 1255 1976 {arraia-
1322 1966 1323 1972 ,

187 2010 271 2097 nas),
300 2014 569 2086 Theodoretus,
603 2013 793 2072 0ecumen.
822 2011 1020 2088 Theophyl.
1047 2014 1124 2074 inter
1152 2016 1254 2075 latinos

185 2117 439 2176 Tertullianus
467 2113 504 2174 de
533 2129 641 2174 resurr.
671 2113 767 2174 earnis
801 2129 827 2170 o.
847 2113 898 2172 to.
932 2121 1031 2173 eontra
1057 2116 1155 2174 Marc·
1183 2116 1278 2176 lu·

186 2235 213 2276 n.
226 2215 277 2276 15.
297 2216 574 2292 Ambrosiaster,
592 2216 779 2294 Pelagius,
799 2215 988 2274 recentiorum
1004 2216 1144 2293 plerique,
1167 2219 1252 2276 Cal-

190 2321 312 2396 vinus,
352 2320 468 2394 Boua,
509 2317 675 2393 Grotius,
719 2318 903 2392 clericus,
944 2318 1058 2394 Wolt,
1100 2319 1252 2395 Benson,

185 2423 448 2497 Baumgartcn,
473 2419 630 2494 lirense,
656 2417 772 2494 illatt,
799 2419 881 2478 l’elt
900 2419 937 2476 ad
958 2417 987 2476 h
1007 2417 1027 2476 l.
1047 2419 1157 2494 aliique
1177 2436 1248 2480 eor·

181 2539 242 2598 pua
261 2523 404 2596 cuiusque
420 2519 591 2594 intelligunt.
641 2519 756 2576 Certum
785 2524 846 2594 est,
873 2533 978 2594 eorpus
1002 2521 1160 2580 humanum
1188 2537 1251 2580 eum
1290 2587 1291 2590 Ἴ

183 2639 255 2682 rasa
275 2615 435 2699 (σκεύει),
455 2635 512 2694 quo
531 2625 664 2694 tanquam
684 2619 870 2680 instrumento
896 2623 1007 2680 animus
1027 2627 1141 2700 utatur,
1169 2638 1251 2682 eum-

183 2723 280 2798 parari
300 2724 423 2800 egregia
442 2721 577 2794 potuisse.
618 2721 769 2797 Attamen,
788 2737 975 2796 quaecunque
995 2725 1182 2800 adseruntur,
1203 2726 1250 2782 el-

183 2830 245 2889 sata
263 2827 304 2884 ita
323 2841 357 2883 se
376 2823 494 2898 hahent,
521 2828 552 2880 ut
572 2821 645 2880 haec
664 2823 837 2899 sighidcatio
857 2825 967 2895 tropina
994 2840 1050 2882 non
1077 2825 1134 2900 ipsi
1161 2828 1249 2884 suost

165 2929 295 2993 ,σκεῦος
322 2930 371 2984 aut
395 2925 481 2982 simili
506 2924 677 3000 adhaereat,
704 2925 757 2983 sed
784 2919 821 2984 e'x
853 2925 951 2984 verbis
978 2925 1120 2984 adiunctis
1148 2931 1250 3000 pateat.

182 3029 222 3086 V.
245 3045 271 3086 c.
297 3029 374 3101 apud
402 3028 556 3086 Platonem
585 3026 659 3084 locis
686 3027 837 3086 Loesnero
864 3027 893 3085 ln
921 3030 1074 3086 observarit.
1111 3043 1149 3084 ex
1176 3028 1248 3086 l’hil.

180 3130 277 3192 laudd.
298 3129 392 3208 σῶμα
416 3127 520 3186 dieitur
539 3122 673 3204 ἀγγεῖον
693 3129 751 3202 τῆς
772 3127 888 3207 ψυχῆς.
933 3129 1015 3188 hoca
1035 3129 1085 3188 Η.
1107 3130 1195 3188 corr.
1210 3130 1248 3207 4,

160 3231 211 3294 ¹7.
234 3234 378 3294 orationis
397 3233 490 3290 reatos
510 3233 663 3302 monstrat,
682 3229 852 3302 Apostolum
873 3244 978 3302 corpus
997 3245 1096 3304 suum,
1117 3231 1248 3304 tanquam

180 3335 287 3410 fragile
307 3340 336 3392 et
362 3333 445 3392 morti
465 3329 635 3404 obnoxium,
656 3331 815 3404 appellasse
836 3333 947 3396 σκεῦος
968 3324 1186 3408 ὄσπράκινον..
1216 3331 1248 3388 ln

180 3426 229 3512 'ep-
255 3437 416 3496 Burnatruo
447 3451 471 3490 s.
493 3432 543 3490 21.
577 3447 682 3506 corpus
702 3431 758 3490 dio.
787 3435 898 3498 σκεῦος
926 3428 1113 3511 πνεύματος.
1163 3431 1251 3504 Apud
1287 3504 1289 3508 .

181 3536 278 3596 Cicer.
300 3543 411 3610 quaest.
442 3537 572 3594 Tusculi.
599 3534 618 3592 l.
640 3533 669 3591 1.
691 3547 717 3590 o.
738 3531 804 3590 22:
833 3533 1071 3606 corpusquidem
1092 3535 1249 3606 passivas

182 3641 226 3692 est
251 3640 300 3692 aut
325 3636 432 3708 aliquid
457 3636 543 3692 animi
569 3635 789 3708 receptaculum.
841 3634 926 3712 [Aha
957 3633 1022 3690 locs
1046 3633 1105 3690 huo
1130 3651 1250 3708 prorsus

180 3753 237 3798 non
258 3739 407 3810 pertinent,
427 3738 457 3796 1.
469 3738 600 3796 snmus.
615 3739 671 3815 21,
683 3741 713 3794 ὅ.
734 3737 785 3793 nbi
805 3731 859 3812 ripn,
881 3733 951 3791 sutis
972 3737 1119 3793 commode
1140 3738 1179 3795 de
1195 3756 1249 3795 su-

180 3839 323 3912 pellectile
342 3839 453 3896 itineris
475 3837 649 3910 explicatur,
676 3839 727 3897 Pa.
746 3838 803 3914 at,
817 3815 868 3895 13'.
896 3835 981 3894 horno
1001 3835 1119 3894 miseria
1138 3854 1251 3896 summa

181 3941 312 4002 addictus
341 3955 405 3996 curn
426 3954 497 3996 vase
517 3941 609 3996 tractu
631 3943 823 4012 eomparatur,
849 3937 1040 4014 Aott.s,1o.
1067 3939 1154 3997 homo
1176 3943 1251 4016 ipse,

181 4043 356 4116 Apostolus,
390 4041 446 4098 dic.
478 4040 693 4098 instrumentum
720 4041 857 4114 electum,
884 4039 966 4098 cuius
997 4054 1080 4098 usum
1106 4043 1188 4098 Deus
1213 4043 1251 4098 sit

90 4148 99 4166 ·
179 4146 323 4218 radamus,
350 4144 464 4204 Ronm-
478 4143 641 4220 2,22.23.
670 4143 802 4202 homines
823 4142 897 4200 dico.
927 4135 1039 4212 σκεύη,
1069 4146 1248 4215 quatenusa
