2740 4828
177 376 227 448 to
485 390 489 404 ·
548 381 861 471 Prolegomenu.

172 546 297 636 tumen,
318 558 493 640 postquem
515 551 752 641 discessisset,
772 555 932 644 exemplis
953 550 1171 623 Ethnicorum
1193 557 1237 622 ad

171 660 275 728 vitam
297 652 495 734 dissolutum
517 655 645 744 seduci,
668 656 833 726 iterumve
854 647 901 724 ed
917 656 1002 725 vitia
1015 657 1155 724 ‘vixdum
1179 660 1239 724 de·

171 748 284 836 posite
314 754 426 820 redire
453 749 638 842 potuerint3
666 779 765 846 qnam
798 779 915 846 perum
944 756 1152 846 exploratum
1181 760 1240 845 sit,

173 854 262 938 quod
292 855 443 942 ponitur,
469 853 668 943 Apostolum
702 860 833 925 nonnisi
861 861 945 926 duas
973 867 1089 926 tresve
1115 858 1241 926 hebdo-

170 954 288 1021 mades
322 954 429 1024 fuisso
456 957 727 1027 Thessalonicae
760 962 838 1046 (vd.
860 961 896 1048 ἦ.
921 962 992 1047 1.).
1042 960 1166 1028 lisdem
1196 963 1240 1027 de

172 1057 286 1122 causis
307 1055 409 1123 nolim
431 1063 652 1139 contendere,
680 1083 747 1128 non
775 1061 925 1149 potuisse
952 1061 1150 1148 Apostolum
1180 1061 1240 1134 illo

169 1163 322 1246 tempose
344 1161 387 1226 ed
409 1182 506 1229 suum
527 1163 633 1248 ipsius
655 1181 841 1250 prosocero
863 1164 1048 1251 exemplum
1062 1165 1111 1248 (I.
1131 1164 1241 1232 Thes·

170 1261 246 1327 snll.
262 1259 299 1345 2,
315 1257 351 1327 9.
374 1265 475 1351 ηιμ).
518 1263 637 1335 Nouus
661 1264 750 1332 cuim
770 1265 827 1334 'vel
847 1264 976 1354 aliquot
996 1265 1242 1334 hebdomadum

171 1360 282 1450 spatio
309 1363 395 1430 satis
416 1372 534 1452 aperto
561 1381 770 1451 cognoscere
797 1365 940 1454 licebat,
966 1389 1065 1456 qnam
1094 1366 1241 1435 sollicite

170 1463 319 1551 Paulus,
348 1467 428 1532 dum
454 1466 698 1554 praedicationi
727 1469 901 1536 doctrinae
931 1467 1064 1537 divinae
1092 1468 1241 1536 indeles-

172 1589 246 1634 sum
267 1588 423 1634 manuum
451 1565 599 1636 laborem
623 1563 859 1656 coniungeret,
886 1569 962 1635 hoc·
979 1570 1105 1656 egerit,
1132 1577 1171 1636 ut
1196 1589 1241 1638 ne

171 1669 327 1760 cuiquam
348 1667 705 1738 Thessalonicensiom
735 1673 828 1738 oneri
858 1675 970 1738 cssetl
1018 1670 1117 1746 Quod
1144 1671 1242 1738 dubi-

170 1772 317 1840 tationes
339 1769 462 1838 attinet
488 1773 532 1838 de
563 1773 731 1864 παρουσίᾳ
752 1763 886 1840 Ohristi'
907 1779 943 1840 et
970 1771 1161 1840 conditione
1186 1772 1240 1839 fu·

170 1883 249 1942 tura
270 1895 385 1940 eorum
408 1871 535 1940 Ghristl
556 1871 738 1960 cultorum,
765 1871 823 1964 qui
844 1880 924 1942 ente
945 1873 1032 1942 hano
1052 1875 1241 1962 παρουσίαν

171 1977 260 2044 diem
282 1973 338 2044 vel
360 1972 538 2058 obiissent,
564 1973 619 2043 vel
640 1975 763 2043 obituri
784 1984 916 2062 esseut,
944 1975 979 2042 iu
1007 1976 1127 2044 animis
1153 1977 1240 2044 mul-

171 2087 282 2146 torum
302 2075 393 2142 illins
422 2074 589 2144 ecclesise
610 2075 874 2146 Christianorum
895 2077 1084 2164 excitatas,
1113 2079 1146 2144 in
1168 2079 1240 2166 epi-

172 2180 261 2249 stola
283 2181 406 2269 pnon·
429 2199 461 2244 c.
482 2175 520 2244 4.
534 2175 580 2244 o.
594 2177 793 2274 'refutatam
821 2199 919 2245 nemo
937 2178 1043 2246 focile
1071 2180 1238 2265 improhs-

171 2283 242 2352 bile
262 2280 401 2366 dixerit,
424 2278 467 2346 sb
489 2296 530 2346 eo
551 2277 629 2346 iudo
649 2287 817 2368 tempore,
845 2302 919 2372 quo·
932 2278 1060 2348 Paulus
1082 2281 1238 2350 Thesss·

170 2385 284 2453 lonioe
311 2381 544 2457 discessisset,
570 2397 676 2470 usque
700 2382 777 2448 dum
804 2381 979 2469 epistolem
1002 2389 1161 2450 exararet
1177 2403 1239 2474 po·

171 2491 352 2556 sartorem
371 2487 452 2567 (non
473 2482 590 2550 stetim
609 2489 688 2570 post
706 2483 852 2570 priorem
874 2483 1034 2570 scriptum
1057 2484 1119 2550 cfr.
1142 2483 1177 2571 ᾖ.
1197 2481 1238 2552 4.

172 2593 261 2674 em),
288 2585 498 2654 Christianos
524 2603 631 2670 nuper
652 2603 855 2668 conversos,
880 2584 938 2672 qui
964 2587 1095 2651 hiereos
1121 2592 1240 2653 essent

172 2691 207 2756 in
229 2687 382 2755 doctriua
411 2684 543 2769 divina,
570 2684 604 2750 in
626 2683 789 2752 eiusmodi
811 2684 1051 2754 dubitationem
1077 2704 1119 2753 ac
1145 2685 1240 2752 solli·

173 2787 354 2859 citudinem
376 2786 495 2856 coniici
518 2785 619 2854 facile
640 2786 801 2873 potuisse.
843 2785 916 2854 Noc
939 2787 1049 2856 verba
1068 2789 1103 2856 I.
1130 2787 1237 2854 Thes·

172 2889 294 2978 estid,
320 2887 381 2956 13.
413 2885 453 2956 οὗ
479 2890 573 2958 θέλω
600 2890 635 2955 δὲ
667 2882 753 2975 ὑμᾶς
780 2879 931 2972 ἄγνοὲῖν,
969 2884 1130 2980 ἆδυλφοὶ,
1164 2893 1240 2978 περὶ

172 2995 255 3063 τῶν
279 2987 599 3077 ’κεκοιμημένων
622 2997 689 3058 cto.
718 2989 1005 3076 consignationem
1027 2991 1144 3056 herum
1167 2992 1238 3078 epi-

173 3095 334 3164 stolarum
361 3091 504 3180 tempori
532 3089 651 3162 seriori
676 3090 840 3160 uindicari
862 3091 1008 3186 iubent,¹
1028 3113 1092 3180 quo
1120 3092 1237 3178 plures

171 3199 274 3268 hodes
300 3194 468 3263 ecclesiae
503 3191 686 3260 Christiani
714 3193 801 3266 diem
832 3211 1023 3278 supremum
1051 3195 1118 3260 iam
1146 3192 1238 3261 obie-

172 3300 250 3367 rint.
292 3296 385 3366 Nilsil
404 3297 526 3387 qnippe
547 3293 700 3382 impedit,
714 3313 786 3382 *quo
807 3293 917 3360 minus
935 3281 1133 3379 Apostolum
1154 3293 1237 3361 illud

173 3403 415 3487 eesocpups‘uou
441 3401 484 3466 de
510 3393 711 3464 Christianis
738 3395 877 3461 aliorum
906 3415 1038 3486 quoque
1069 3403 1238 3482 coetuum,

174 3504 230 3593 qui
262 3498 626 3570 Thessalonicensibus
658 3497 717 3566 vel
755 3495 955 3582 cognatione
993 3497 1048 3566 rel
1088 3498 1250 3594 amicitia.

172 3604 278 3672 iuneti
306 3609 438 3688 essent,
472 3599 616 3686 intelligi
642 3595 792 3668 soluisse
823 3598 999 3666 dicemus·
1035 3599 1166 3666 Forsan
1195 3602 1238 3668 de

173 3707 216 3774 iis
244 3699 548 3789 tuonocgowe,
576 3702 631 3790 qui
658 3697 800 3786 posthae
821 3701 973 3767 morituri
995 3707 1111 3767 essent
1137 3699 1184 3786 (h.
1208 3723 1237 3766 ss

52 3853 58 3876 .
173 3808 350 3880 ociosos,
378 3803 432 3872 vel
455 3804 518 3870 hoo
539 3811 707 3889 tempore,
735 3801 791 3870 rel
812 3801 972 3888 posthac,
1000 3808 1138 3889 propter
1159 3822 1239 3866 con-

174 3910 333 3978 ditionem
356 3927 482 3990 eorum,
503 3904 558 3991 qui
580 3913 658 3976 onte
685 3903 872 3994 παρουσίαν
888 3903 1014 3971 Christi
1035 3903 1124 3983 diem
1146 3901 1237 3968 obie-
1318 3937 1321 3944 .

173 4011 258 4096 rint,
277 4009 311 4073 in
333 4005 590 4073 sollicitudiuem
603 3990 759 4090 'nimiam
781 4027 842 4093 spe
863 4005 1067 4090 destitutam,
1091 4001 1236 4089 coniici).

172 4111 228 4180 Ex
253 4108 364 4178 effatis
392 4108 450 4174 11.
477 4104 643 4173 Thessal!-
671 4103 708 4192 2,
737 4105 927 4193 s.e,17.
956 4105 1085 4192 colligit
1112 4101 1238 4168 Schra-

174 4213 294 4290 derus,
326 4207 545 4298 Apostolum,
577 4203 770 4298 priusquam
803 4207 1025 4296 posteriorem
1061 4206 1162 4272 deret
1192 4205 1237 4270 nd
