2744 4824
514 397 830 490 Prolegomsna.
1090 471 1093 482 ,
1127 391 1218 466 818·

137 569 175 658 s.
192 566 230 644 ι.
258 566 283 640 ι.
302 565 367 642 sc.
394 567 478 657 ...7,
506 569 540 660 s
564 568 598 639 1.
618 545 736 644 ..ιιι
756 563 817 638 ro.
844 563 926 638 aa.
952 564 1038 658 aa.
1080 565 1208 655 cispa

137 671 257 760 Pado,
279 694 341 761 per
361 672 490 762 aliquot
511 693 617 740 annos
637 693 777 742 munere
797 671 935 759 functo,
956 669 1125 740 successit
1145 669 1209 737 Ti·
1237 739 1247 748 ,

138 772 256 840 berins
268 773 475 861 Alexander,
498 773 554 864 qui
576 775 717 842 eundern
739 773 848 861 gessit
859 771 1068 861 provinciam
1085 774 1130 840 ad
1151 793 1211 840 an.

138 895 219 942 num
240 896 346 966 usquc
366 873 431 946 48.
451 883 530 965 post
549 875 587 944 0.
608 875 649 944 Ν.
690 875 744 944 Ex
765 897 831 965 qno
851 881 958 964 patet,
980 882 1016 942 ct
1036 873 1128 940 illam
1151 895 1210 940 an-

138 996 250 1044 nonae
272 977 499 1046 calamitatem
523 983 558 1044 et
578 975 796 1065 legationem,
818 997 918 1065 qnam
939 975 1095 1064 diximus,
1110 973 1212 1043 Pauli

141 1085 178 1145 et
192 1079 480 1148 Barnabacintra
500 1101 623 1148 annum
635 1075 699 1147 44
719 1076 877 1167 (vol45.)
899 1087 934 1148 et
946 1076 1010 1148 48
1032 1077 1211 1148 accidisse.

141 1179 212 1249 sm
240 1181 327 1250 baec
359 1181 553 1251 accuratius
581 1179 785 1250 definiuntur
811 1179 1016 1250 conferendo
1043 1181 1212 1250 Amorem

137 1285 255 1370 eaps'te
276 1281 374 1352 XII.
426 1282 657 1370 Quaecunque
687 1283 775 1352 enim
804 1281 868 1351 it
901 1285 944 1354 de
964 1282 1097 1352 Jacobo
1118 1281 1212 1368 Apo·

139 1383 228 1452 stolo
249 1383 345 1454 iussu
366 1385 515 1454 Herodis
535 1386 711 1473 Agrippae
731 1383 932 1476 interfecto,
960 1388 1003 1454 de
1022 1383 1128 1456 Petro
1149 1404 1212 1473 per
1313 1391 1319 1406 ‘

140 1487 283 1556 modam
304 1485 338 1553 in
358 1487 494 1556 vincula
515 1487 687 1576 coniecto,
717 1507 781 1576 per
802 1489 953 1556 nuntium
975 1487 1109 1557 Domini
1128 1486 1212 1554 libe·

138 1595 228 1677 rato,
249 1590 295 1658 de
314 1593 474 1659 oenomao
494 1589 652 1659 Her-oda
670 1589 862 1682 Agnppae
876 1591 1074 1662 Caesareae
1093 1589 1213 1662 Ιιαόιῖα

138 1694 280 1782 &prae
294 1703 409 1784 ¹artesae
433 1694 615 1783 eirepebota
642 1705 679 1764 et
694 1692 875 1763 honusta
905 1697 1125 1781 enarrantur,
1152 1691 1213 1763 mi·

140 1794 230 1863 nime
258 1794 482 1864 existimanda
515 1802 594 1866 sunt
621 1795 725 1885 (qnod
754 1793 869 1886 plnres
898 1794 973 1865 intt.
993 1795 1213 1884 contendunt)

141 1897 237 1986 prius
265 1899 450 1985 accidisse,
479 1917 578 1988 qnam
606 1897 736 1967 Paulus
767 1904 802 1968 et
830 1897 1011 1966 Barnabas
1036 1901 1214 1987 pecuniam

143 1997 321 2068 collectam
341 1997 594 2083 Hierosolymas
616 2000 807 2088 deferrent,
833 2003 951 2092 mmo,
977 2020 1041 2090 pree
1060 2011 1215 2088 temporo

140 2101 201 2167 We·
209 2099 462 2191 Hebe-osolymis
479 2114 718 2192 ceramum,
739 2105 915 2197 eegote'ron
935 2100 1006 2170 esti
1021 2105 1216 2171 mmmmm

139 2215 366 2294 peragentes.
409 2203 550 2271 Comma
570 2205 692 2294 quippe
713 2201 778 2272 25.
801 2223 875 2294 cap.
895 2203 977 2272 ΧΠ.
1005 2205 1064 2272 ubi
1084 2204 1213 2274 Paulus

143 2309 180 2371 et
208 2305 383 2374 Barnabas
413 2303 657 2390 Hierosolymis
686 2307 846 2394 leguntur
869 2307 1096 2426 circumisse,
1131 2305 1215 2375 nihil

143 2409 276 2474 omnino
290 2408 450 2496 continet,
471 2410 560 2500 quod
574 2409 791 2510 interpretem
804 2409 973 2478 coniicere
986 2409 1112 2496 iubeat,
1132 2409 1215 2478 red-

142 2509 281 2577 abach.
303 2509 326 2576 l.
348 2512 572 2580 narrationem
592 2513 767 2599 scriptoris
795 2513 839 2580 ad
868 2513 907 2580 0.
927 2511 991 2580 Xl.
1017 2534 1051 2581 ι.
1066 2506 1131 2580 89.
1149 2508 1214 2577 30

144 2611 210 2678 His
236 2612 366 2679 indiciis
393 2615 634 2702 praeeuntibus
663 2614 821 2683 Herodes
841 2615 1024 2704 Agrippa
1014 2637 1048 2682 nn
1069 2615 1139 2684 vita
1159 2635 1216 2684 su·

143 2721 279 2803 perstas
306 2705 369 2782 iu'it
396 2717 652 2785 adventantibus
679 2715 786 2786 Paulo
814 2721 849 2786 et
875 2716 1034 2786 Bernaba
1054 2715 1216 2784 Hieroso-

40 2903 43 2910 ¹
143 2815 261 2898 lymas.
306 2816 410 2885 (luins
432 2818 590 2906 principis
613 2817 723 2888 obitus
745 2840 845 2908 quum
866 2840 898 2886 o.
920 2818 986 2887 44.
1016 2817 1218 2908 paulopost

144 2916 268 2987 lustum
302 2918 465 3009 paschale
504 2920 667 2989 acciderit
705 2921 871 3008 (testante
905 2920 1058 3010 Joreplto
1090 2923 1215 3010 aaa'qq.
1284 2951 1291 2975 ι

49 3107 54 3120 .
145 3018 260 3089 Jedd.
281 3019 305 3088 l.
327 3017 389 3088 19.
411 3043 441 3089 c.
456 3017 494 3090 8.
515 3021 552 3112 ᾗ.
569 3020 639 3110 a),
661 3023 831 3113 seqnitur,
860 3021 1002 3093 Paulum
1031 3031 1067 3090 et
1087 3022 1217 3089 Barna·

144 3121 221 3191 bam
241 3122 409 3192 mensibus
429 3123 543 3211 primis
564 3125 663 3194 buius
679 3127 758 3195 anni
771 3124 836 3195 44.
858 3147 933 3195 oum
954 3123 1127 3194 beneficiis
1148 3121 1218 3192 col·

145 3221 246 3290 lectis
259 3221 509 3308 Hierosolymas
524 3249 602 3296 csse
617 3227 800 3317 proiectos.
842 3227 917 3298 Etsi
930 3224 1098 3312 animilia,
1120 3245 1218 3314 quarn

145 3325 319 3415 Joseplrus
345 3325 430 3410 locis
458 3351 562 3418 supra
593 3329 706 3398 laudi.
733 3329 918 3419 porhibuit,
939 3331 1064 3415 sames
1092 3329 1220 3438 grecis

148 3426 262 3514 (λιμὸς
289 3429 409 3516 μέγας)
439 3439 518 3518 post
550 3429 676 3500 obitum
707 3431 837 3502 domum
868 3429 1015 3500 Herodis
1042 3417 1217 3519 Agrippa'o

148 3531 337 3619 subterit,
357 3530 432 3600 lieri
452 3541 564 3601 tamen
585 3532 702 3622 utique
723 3533 849 3621 potuit,
877 3540 915 3602 ut
942 3531 1219 3602 Palaestinenses

146 3636 220 3702 ιἀιιι
239 3645 321 3700 uate
339 3646 482 3703 mum
494 3633 642 3703 Herodis
658 3635 818 3702 eiusmodi
838 3637 1020 3702 caraem
1028 3636 1221 3725 sncmeats',

149 3755 238 3826 quae
265 3757 435 3826 pauperes
461 3734 561 3804 valde
588 3735 781 3824 adfligeret,
809 3737 1043 3825 experirentur
1070 3735 1221 3825 (fuerunt

147 3837 290 3927 qnippe,
320 3846 485 3924 regnante
521 3837 679 3917 Claudio,
713 3839 871 3909 assiduae
904 3839 1121 3925 sterilitates,
1156 3837 1220 3904 cfr.

147 3939 289 4008 amon.
311 3943 383 4008 csta
407 3939 550 4010 clauda
571 3963 603 4008 c.
629 3939 716 4030 18).
760 3941 969 4010 Christianos
988 3941 1221 4008 Antiochenos

147 4045 231 4110 satis
252 4040 471 4132 probabiliter
492 4043 735 4131 existimamus,
756 4046 949 4134 prinsquam
977 4041 1151 4112 calamitas
1171 4042 1221 4110 in·

148 4145 386 4237 marescant,
414 4144 524 4216 l’uulo
546 4152 582 4212 et
602 4147 761 4216 Barnaba
781 4144 1032 4228 Hierosolymas
1052 4144 1221 4214 mittendis

147 4247 306 4318 auxilium
337 4251 458 4323 tulisse
490 4247 651 4319 matribus
689 4250 723 4318 in
759 4248 1014 4318 sollicitudinem
1050 4247 1222 4317 oenicctis.
