<?xml version="1.0" encoding="UTF-8"?>
<!DOCTYPE html PUBLIC "-//W3C//DTD XHTML 1.0 Transitional//EN"
    "http://www.w3.org/TR/xhtml1/DTD/xhtml1-transitional.dtd">
<html xmlns="http://www.w3.org/1999/xhtml" xml:lang="en" lang="en">
 <head>
  <title>
</title>
<meta http-equiv="Content-Type" content="text/html;charset=utf-8" />
  <meta name='ocr-system' content='tesseract 3.04.00' />
  <meta name='ocr-capabilities' content='ocr_page ocr_carea ocr_par ocr_line ocrx_word'/>
</head>
<body>
  <div class='ocr_page' id='page_1' title='image "./epistolaepaulia01schogoog_0171.png"; bbox 0 0 2724 4826; ppageno 0'>
   <div class='ocr_carea' id='block_1_1' title="bbox 183 353 1109 456">
    <p class='ocr_par' dir='ltr' id='par_1_1' title="bbox 183 353 1109 456">
     <span class='ocr_line' id='line_1_1' title="bbox 183 353 1109 456; baseline -0.003 -20"><span class='ocrx_word' id='word_1_1' title='bbox 183 363 260 436; x_wconf 76' lang='lat' dir='ltr'><strong>luo</strong></span> <span class='ocrx_word' id='word_1_2' title='bbox 315 365 423 456; x_wconf 82' lang='lat' dir='ltr'><strong>Epist.</strong></span> <span class='ocrx_word' id='word_1_3' title='bbox 445 361 539 432; x_wconf 73' lang='lat' dir='ltr'><strong>L&#39;ud</strong></span> <span class='ocrx_word' id='word_1_4' title='bbox 554 363 732 433; x_wconf 76' lang='lat' dir='ltr'><strong>&#39;llessoll</strong></span> <span class='ocrx_word' id='word_1_5' title='bbox 754 365 793 432; x_wconf 84' lang='grc' dir='ltr'><strong>Ο.</strong></span> <span class='ocrx_word' id='word_1_6' title='bbox 805 363 848 434; x_wconf 85' lang='lat' dir='ltr'><strong>V·</strong></span> <span class='ocrx_word' id='word_1_7' title='bbox 868 363 912 434; x_wconf 83' lang='lat' dir='ltr'><strong>V.</strong></span> <span class='ocrx_word' id='word_1_8' title='bbox 939 353 1109 434; x_wconf 55' lang='lat' dir='ltr'><strong>ttss-lt.</strong></span> 
     </span>
    </p>
   </div>
   <div class='ocr_carea' id='block_1_2' title="bbox 178 527 1260 719">
    <p class='ocr_par' dir='ltr' id='par_1_2' title="bbox 178 527 1260 719">
     <span class='ocr_line' id='line_1_2' title="bbox 178 527 1260 616; baseline -0.003 -14"><span class='ocrx_word' id='word_1_9' title='bbox 178 539 246 602; x_wconf 76' lang='lat' dir='ltr'><strong>rust</strong></span> <span class='ocrx_word' id='word_1_10' title='bbox 271 541 428 602; x_wconf 66' lang='lat' dir='ltr'><strong>noluerim</strong></span> <span class='ocrx_word' id='word_1_11' title='bbox 444 527 638 601; x_wconf 65' lang='lat' dir='ltr'><strong>emiorum</strong></span> <span class='ocrx_word' id='word_1_12' title='bbox 660 541 788 600; x_wconf 76' lang='lat' dir='ltr'><strong>otrrdr&#39;ost</strong></span> <span class='ocrx_word' id='word_1_13' title='bbox 819 543 913 600; x_wconf 83' lang='lat' dir='ltr'><strong>eotote</strong></span> <span class='ocrx_word' id='word_1_14' title='bbox 938 542 972 599; x_wconf 79' lang='lat' dir='ltr'><strong>iu</strong></span> <span class='ocrx_word' id='word_1_15' title='bbox 997 533 1107 600; x_wconf 71' lang='lat' dir='ltr'><strong>anuto</strong></span> <span class='ocrx_word' id='word_1_16' title='bbox 1133 543 1260 616; x_wconf 72' lang='lat' dir='ltr'><strong>cestrie,-</strong></span> 
     </span>
     <span class='ocr_line' id='line_1_3' title="bbox 179 641 1249 719; baseline -0.002 -17"><span class='ocrx_word' id='word_1_17' title='bbox 179 649 211 702; x_wconf 92' lang='lat' dir='ltr'><strong>nt</strong></span> <span class='ocrx_word' id='word_1_18' title='bbox 239 641 321 719; x_wconf 78' lang='lat' dir='ltr'><strong>pecie</strong></span> <span class='ocrx_word' id='word_1_19' title='bbox 348 641 472 701; x_wconf 86' lang='lat' dir='ltr'><strong>studium</strong></span> <span class='ocrx_word' id='word_1_20' title='bbox 499 643 620 700; x_wconf 77' lang='lat' dir='ltr'><strong>monime</strong></span> <span class='ocrx_word' id='word_1_21' title='bbox 646 641 791 700; x_wconf 85' lang='lat' dir='ltr'><strong>sincerum</strong></span> <span class='ocrx_word' id='word_1_22' title='bbox 817 643 1036 700; x_wconf 89' lang='lat' dir='ltr'><strong>commendetur.</strong></span> <span class='ocrx_word' id='word_1_23' title='bbox 1084 641 1168 709; x_wconf 81' lang='lat' dir='ltr'><strong>ouon</strong></span> <span class='ocrx_word' id='word_1_24' title='bbox 1195 659 1249 714; x_wconf 89' lang='lat' dir='ltr'><strong>pro</strong></span> 
     </span>
    </p>
   </div>
   <div class='ocr_carea' id='block_1_3' title="bbox 179 737 1350 821">
    <p class='ocr_par' dir='ltr' id='par_1_3' title="bbox 179 737 1350 821">
     <span class='ocr_line' id='line_1_4' title="bbox 179 737 1350 821; baseline -0.003 -18"><span class='ocrx_word' id='word_1_25' title='bbox 179 745 261 821; x_wconf 78' lang='lat' dir='ltr'><strong>vulg.</strong></span> <span class='ocrx_word' id='word_1_26' title='bbox 286 737 444 809; x_wconf 77' lang='grc' dir='ltr'><strong><em>ἑαυτοῖς</em></strong></span> <span class='ocrx_word' id='word_1_27' title='bbox 469 745 499 802; x_wconf 88' lang='lat' dir='ltr'><strong>in</strong></span> <span class='ocrx_word' id='word_1_28' title='bbox 528 745 611 802; x_wconf 85' lang='lat' dir='ltr'><strong>oodd.</strong></span> <span class='ocrx_word' id='word_1_29' title='bbox 637 742 715 803; x_wconf 81' lang='lat' dir='ltr'><strong>lund</strong></span> <span class='ocrx_word' id='word_1_30' title='bbox 740 743 842 818; x_wconf 76' lang='lat' dir='ltr'><strong>prucis</strong></span> <span class='ocrx_word' id='word_1_31' title='bbox 873 742 922 819; x_wconf 80' lang='lat' dir='ltr'><strong>(in</strong></span> <span class='ocrx_word' id='word_1_32' title='bbox 948 743 1049 817; x_wconf 75' lang='lat' dir='ltr'><strong>quilius</strong></span> <span class='ocrx_word' id='word_1_33' title='bbox 1077 739 1248 802; x_wconf 76' lang='lat' dir='ltr'><strong>claremont.</strong></span> <span class='ocrx_word' id='word_1_34' title='bbox 1346 795 1350 800; x_wconf 93' lang='lat'>.</span> 
     </span>
    </p>
   </div>
   <div class='ocr_carea' id='block_1_4' title="bbox 123 839 1253 3145">
    <p class='ocr_par' dir='ltr' id='par_1_4' title="bbox 123 839 1253 3145">
     <span class='ocr_line' id='line_1_5' title="bbox 179 839 1249 924; baseline -0.002 -20"><span class='ocrx_word' id='word_1_35' title='bbox 179 839 209 904; x_wconf 80' lang='lat' dir='ltr'><strong>et</strong></span> <span class='ocrx_word' id='word_1_36' title='bbox 230 846 452 922; x_wconf 65' lang='lat' dir='ltr'><strong>sangumem),</strong></span> <span class='ocrx_word' id='word_1_37' title='bbox 478 845 622 903; x_wconf 78' lang='lat' dir='ltr'><strong>versione</strong></span> <span class='ocrx_word' id='word_1_38' title='bbox 642 845 723 920; x_wconf 74' lang='lat' dir='ltr'><strong>vulg.</strong></span> <span class='ocrx_word' id='word_1_39' title='bbox 743 843 882 924; x_wconf 81' lang='lat' dir='ltr'><strong>nlilsque,</strong></span> <span class='ocrx_word' id='word_1_40' title='bbox 909 847 938 902; x_wconf 91' lang='lat' dir='ltr'><strong>et</strong></span> <span class='ocrx_word' id='word_1_41' title='bbox 957 841 1035 916; x_wconf 78' lang='lat' dir='ltr'><strong>opud</strong></span> <span class='ocrx_word' id='word_1_42' title='bbox 1061 843 1249 916; x_wconf 77' lang='lat' dir='ltr'><strong>chrysost.</strong></span> 
     </span>
     <span class='ocr_line' id='line_1_6' title="bbox 178 937 1248 1022; baseline -0.002 -16"><span class='ocrx_word' id='word_1_43' title='bbox 178 946 360 1006; x_wconf 77' lang='lat' dir='ltr'><strong>&#39;theodum</strong></span> <span class='ocrx_word' id='word_1_44' title='bbox 393 945 536 1003; x_wconf 84' lang='lat' dir='ltr'><strong>Oeoum.</strong></span> <span class='ocrx_word' id='word_1_45' title='bbox 568 943 735 1018; x_wconf 73' lang='lat' dir='ltr'><strong>exprimitur</strong></span> <span class='ocrx_word' id='word_1_46' title='bbox 768 937 911 1014; x_wconf 74' lang='grc' dir='ltr'><strong><em>αὐτοῖς</em></strong></span> <span class='ocrx_word' id='word_1_47' title='bbox 947 945 1055 1022; x_wconf 85' lang='lat' dir='ltr'><strong>(cuius</strong></span> <span class='ocrx_word' id='word_1_48' title='bbox 1085 946 1248 1018; x_wconf 69' lang='lat' dir='ltr'><strong>scripturae</strong></span> 
     </span>
     <span class='ocr_line' id='line_1_7' title="bbox 178 1045 1247 1122; baseline -0.001 -17"><span class='ocrx_word' id='word_1_49' title='bbox 178 1045 381 1118; x_wconf 76' lang='lat' dir='ltr'><strong>&#39;l&#39;lreophyl</strong></span> <span class='ocrx_word' id='word_1_50' title='bbox 409 1060 521 1119; x_wconf 90' lang='lat' dir='ltr'><strong>quoque</strong></span> <span class='ocrx_word' id='word_1_51' title='bbox 546 1047 715 1104; x_wconf 87' lang='lat' dir='ltr'><strong>mentionem</strong></span> <span class='ocrx_word' id='word_1_52' title='bbox 742 1047 827 1122; x_wconf 84' lang='lat' dir='ltr'><strong>lectt,</strong></span> <span class='ocrx_word' id='word_1_53' title='bbox 854 1063 1011 1122; x_wconf 82' lang='lat' dir='ltr'><strong>quemquem</strong></span> <span class='ocrx_word' id='word_1_54' title='bbox 1039 1047 1069 1104; x_wconf 93' lang='lat' dir='ltr'><strong>ln</strong></span> <span class='ocrx_word' id='word_1_55' title='bbox 1088 1046 1168 1104; x_wconf 84' lang='lat' dir='ltr'><strong>textu</strong></span> <span class='ocrx_word' id='word_1_56' title='bbox 1187 1047 1247 1104; x_wconf 80' lang='lat' dir='ltr'><strong>llo·</strong></span> 
     </span>
     <span class='ocr_line' id='line_1_8' title="bbox 179 1139 1248 1224; baseline 0.001 -18"><span class='ocrx_word' id='word_1_57' title='bbox 179 1147 229 1210; x_wconf 72' lang='lat' dir='ltr'><strong>leet</strong></span> <span class='ocrx_word' id='word_1_58' title='bbox 248 1139 410 1224; x_wconf 74' lang='grc' dir='ltr'><strong><em>ἑαυτοῖς),</em></strong></span> <span class='ocrx_word' id='word_1_59' title='bbox 441 1147 480 1204; x_wconf 78' lang='lat' dir='ltr'><strong>ud</strong></span> <span class='ocrx_word' id='word_1_60' title='bbox 499 1147 563 1204; x_wconf 83' lang='lat' dir='ltr'><strong>llloe</strong></span> <span class='ocrx_word' id='word_1_61' title='bbox 583 1147 715 1205; x_wconf 79' lang='lat' dir='ltr'><strong>doctores</strong></span> <span class='ocrx_word' id='word_1_62' title='bbox 737 1152 766 1206; x_wconf 89' lang='lat' dir='ltr'><strong>et</strong></span> <span class='ocrx_word' id='word_1_63' title='bbox 786 1148 925 1207; x_wconf 74' lang='lat' dir='ltr'><strong>antistites</strong></span> <span class='ocrx_word' id='word_1_64' title='bbox 951 1149 1152 1224; x_wconf 75' lang='lat' dir='ltr'><strong>referendum,</strong></span> <span class='ocrx_word' id='word_1_65' title='bbox 1181 1149 1248 1208; x_wconf 89' lang='lat' dir='ltr'><strong>ideo</strong></span> 
     </span>
     <span class='ocr_line' id='line_1_9' title="bbox 178 1241 1250 1328; baseline 0.001 -20"><span class='ocrx_word' id='word_1_66' title='bbox 178 1247 297 1308; x_wconf 89' lang='lat' dir='ltr'><strong>detendl</strong></span> <span class='ocrx_word' id='word_1_67' title='bbox 316 1262 374 1305; x_wconf 90' lang='lat' dir='ltr'><strong>non</strong></span> <span class='ocrx_word' id='word_1_68' title='bbox 393 1251 502 1323; x_wconf 81' lang='lat' dir='ltr'><strong>potest,</strong></span> <span class='ocrx_word' id='word_1_69' title='bbox 528 1249 604 1322; x_wconf 90' lang='lat' dir='ltr'><strong>quod</strong></span> <span class='ocrx_word' id='word_1_70' title='bbox 623 1263 694 1306; x_wconf 81' lang='lat' dir='ltr'><strong>usus</strong></span> <span class='ocrx_word' id='word_1_71' title='bbox 714 1249 828 1308; x_wconf 87' lang='lat' dir='ltr'><strong>dicendi</strong></span> <span class='ocrx_word' id='word_1_72' title='bbox 849 1241 969 1308; x_wconf 77' lang='lat' dir='ltr'><strong>&#39;minime</strong></span> <span class='ocrx_word' id='word_1_73' title='bbox 995 1251 1192 1328; x_wconf 72' lang='lat' dir='ltr'><strong>permittebat,</strong></span> <span class='ocrx_word' id='word_1_74' title='bbox 1217 1256 1250 1308; x_wconf 92' lang='lat' dir='ltr'><strong>ut</strong></span> 
     </span>
     <span class='ocr_line' id='line_1_10' title="bbox 179 1343 1249 1430; baseline -0.001 -21"><span class='ocrx_word' id='word_1_75' title='bbox 179 1343 347 1429; x_wconf 74' lang='grc' dir='ltr'><strong>εἰρηνεύειν</strong></span> <span class='ocrx_word' id='word_1_76' title='bbox 374 1344 412 1409; x_wconf 75' lang='grc' dir='ltr'><strong>ἓν</strong></span> <span class='ocrx_word' id='word_1_77' title='bbox 438 1367 501 1408; x_wconf 78' lang='grc' dir='ltr'><strong>τινα</strong></span> <span class='ocrx_word' id='word_1_78' title='bbox 529 1349 673 1407; x_wconf 75' lang='lat' dir='ltr'><strong>diceretur</strong></span> <span class='ocrx_word' id='word_1_79' title='bbox 702 1363 757 1421; x_wconf 92' lang='lat' dir='ltr'><strong>pro</strong></span> <span class='ocrx_word' id='word_1_80' title='bbox 786 1347 882 1428; x_wconf 69' lang='lat' dir='ltr'><strong>ttpqv.</strong></span> <span class='ocrx_word' id='word_1_81' title='bbox 917 1343 1015 1430; x_wconf 74' lang='grc' dir='ltr'><strong>μετά</strong></span> <span class='ocrx_word' id='word_1_82' title='bbox 1044 1370 1141 1416; x_wconf 76' lang='grc' dir='ltr'><strong><em>τινος.</em></strong></span> <span class='ocrx_word' id='word_1_83' title='bbox 1190 1353 1249 1408; x_wconf 91' lang='lat' dir='ltr'><strong>Vd.</strong></span> 
     </span>
     <span class='ocr_line' id='line_1_11' title="bbox 178 1451 1249 1526; baseline 0.002 -17"><span class='ocrx_word' id='word_1_84' title='bbox 178 1451 308 1509; x_wconf 84' lang='lat' dir='ltr'><strong>Winer</strong></span> <span class='ocrx_word' id='word_1_85' title='bbox 337 1452 754 1511; x_wconf 63' lang='lat' dir='ltr'><strong>(rememoremur.</strong></span> <span class='ocrx_word' id='word_1_86' title='bbox 781 1467 813 1524; x_wconf 83' lang='lat' dir='ltr'><strong>p.</strong></span> <span class='ocrx_word' id='word_1_87' title='bbox 828 1452 908 1508; x_wconf 75' lang='lat'><strong>³34.</strong></span> <span class='ocrx_word' id='word_1_88' title='bbox 949 1451 1106 1526; x_wconf 80' lang='lat' dir='ltr'><strong>ingeniose</strong></span> <span class='ocrx_word' id='word_1_89' title='bbox 1132 1453 1249 1525; x_wconf 87' lang='lat' dir='ltr'><strong>quidem</strong></span> 
     </span>
     <span class='ocr_line' id='line_1_12' title="bbox 181 1545 1249 1629; baseline 0.002 -19"><span class='ocrx_word' id='word_1_90' title='bbox 181 1549 306 1610; x_wconf 86' lang='lat' dir='ltr'><strong>ooniecit</strong></span> <span class='ocrx_word' id='word_1_91' title='bbox 324 1549 451 1624; x_wconf 77' lang='lat' dir='ltr'><strong>lioppe</strong></span> <span class='ocrx_word' id='word_1_92' title='bbox 472 1549 627 1627; x_wconf 80' lang='lat' dir='ltr'><strong>(probante</strong></span> <span class='ocrx_word' id='word_1_93' title='bbox 654 1552 810 1629; x_wconf 78' lang='lat' dir='ltr'><strong>Pellio),</strong></span> <span class='ocrx_word' id='word_1_94' title='bbox 836 1551 1018 1610; x_wconf 82' lang='lat' dir='ltr'><strong>scribendum</strong></span> <span class='ocrx_word' id='word_1_95' title='bbox 1046 1545 1186 1620; x_wconf 68' lang='lat' dir='ltr'><strong>adroso</strong></span> <span class='ocrx_word' id='word_1_96' title='bbox 1212 1569 1249 1612; x_wconf 85' lang='lat' dir='ltr'><strong>ex</strong></span> 
     </span>
     <span class='ocr_line' id='line_1_13' title="bbox 181 1646 1252 1727; baseline -0.002 -13"><span class='ocrx_word' id='word_1_97' title='bbox 181 1646 309 1718; x_wconf 72' lang='grc' dir='ltr'><strong><em>ἑαυτοῖς</em></strong></span> <span class='ocrx_word' id='word_1_98' title='bbox 338 1655 529 1727; x_wconf 75' lang='lat' dir='ltr'><strong>conuucmm,</strong></span> <span class='ocrx_word' id='word_1_99' title='bbox 556 1653 638 1712; x_wconf 82' lang='lat' dir='ltr'><strong>ouius</strong></span> <span class='ocrx_word' id='word_1_100' title='bbox 655 1653 752 1710; x_wconf 86' lang='lat' dir='ltr'><strong>locum</strong></span> <span class='ocrx_word' id='word_1_101' title='bbox 779 1654 883 1710; x_wconf 85' lang='lat' dir='ltr'><strong>deinde</strong></span> <span class='ocrx_word' id='word_1_102' title='bbox 901 1652 932 1710; x_wconf 90' lang='lat' dir='ltr'><strong>in</strong></span> <span class='ocrx_word' id='word_1_103' title='bbox 953 1654 1035 1720; x_wconf 87' lang='lat' dir='ltr'><strong>codd.</strong></span> <span class='ocrx_word' id='word_1_104' title='bbox 1064 1649 1252 1726; x_wconf 75' lang='lat' dir='ltr'><strong>oceup&#39;nverit</strong></span> 
     </span>
     <span class='ocr_line' id='line_1_14' title="bbox 180 1735 1250 1830; baseline 0.002 -18"><span class='ocrx_word' id='word_1_105' title='bbox 180 1735 270 1812; x_wconf 32' lang='lat' dir='ltr'><strong>lectio*</strong></span> <span class='ocrx_word' id='word_1_106' title='bbox 300 1754 413 1811; x_wconf 72' lang='lat' dir='ltr'><strong>fecilior</strong></span> <span class='ocrx_word' id='word_1_107' title='bbox 448 1752 567 1829; x_wconf 80' lang='lat' dir='ltr'><strong>(termo</strong></span> <span class='ocrx_word' id='word_1_108' title='bbox 598 1753 725 1830; x_wconf 76' lang='lat' dir='ltr'><strong>noum]</strong></span> <span class='ocrx_word' id='word_1_109' title='bbox 754 1746 886 1819; x_wconf 77' lang='grc' dir='ltr'><strong><em>ἕαυοοῖς.</em></strong></span> <span class='ocrx_word' id='word_1_110' title='bbox 940 1756 1076 1812; x_wconf 72' lang='lat' dir='ltr'><strong>Attamen</strong></span> <span class='ocrx_word' id='word_1_111' title='bbox 1106 1755 1250 1827; x_wconf 86' lang='lat' dir='ltr'><strong>scripturn</strong></span> 
     </span>
     <span class='ocr_line' id='line_1_15' title="bbox 182 1855 1248 1932; baseline 0 -18"><span class='ocrx_word' id='word_1_112' title='bbox 182 1857 265 1932; x_wconf 76' lang='lat' dir='ltr'><strong>vulg.</strong></span> <span class='ocrx_word' id='word_1_113' title='bbox 285 1859 400 1928; x_wconf 71' lang='lat' dir='ltr'><strong>praeter</strong></span> <span class='ocrx_word' id='word_1_114' title='bbox 420 1855 504 1915; x_wconf 89' lang='lat' dir='ltr'><strong>codd.</strong></span> <span class='ocrx_word' id='word_1_115' title='bbox 525 1856 628 1914; x_wconf 86' lang='lat' dir='ltr'><strong>multos</strong></span> <span class='ocrx_word' id='word_1_116' title='bbox 655 1859 685 1912; x_wconf 92' lang='lat' dir='ltr'><strong>et</strong></span> <span class='ocrx_word' id='word_1_117' title='bbox 708 1859 806 1926; x_wconf 82' lang='lat' dir='ltr'><strong>potres</strong></span> <span class='ocrx_word' id='word_1_118' title='bbox 826 1871 913 1928; x_wconf 82' lang='lat' dir='ltr'><strong>supro</strong></span> <span class='ocrx_word' id='word_1_119' title='bbox 932 1855 1027 1914; x_wconf 86' lang='lat' dir='ltr'><strong>leudd.</strong></span> <span class='ocrx_word' id='word_1_120' title='bbox 1050 1855 1134 1913; x_wconf 81' lang='lat' dir='ltr'><strong>etium</strong></span> <span class='ocrx_word' id='word_1_121' title='bbox 1163 1857 1248 1914; x_wconf 81' lang='lat' dir='ltr'><strong>cle-</strong></span> 
     </span>
     <span class='ocr_line' id='line_1_16' title="bbox 182 1939 1248 2033; baseline -0.002 -15"><span class='ocrx_word' id='word_1_122' title='bbox 182 1957 312 2018; x_wconf 84' lang='lat' dir='ltr'><strong>mentis</strong></span> <span class='ocrx_word' id='word_1_123' title='bbox 332 1957 435 2016; x_wconf 82' lang='lat' dir='ltr'><strong>Alex.</strong></span> <span class='ocrx_word' id='word_1_124' title='bbox 454 1957 615 2015; x_wconf 85' lang='lat' dir='ltr'><strong>testimonio</strong></span> <span class='ocrx_word' id='word_1_125' title='bbox 635 1957 785 2014; x_wconf 70' lang='lat' dir='ltr'><strong>admodum</strong></span> <span class='ocrx_word' id='word_1_126' title='bbox 806 1955 922 2030; x_wconf 72' lang='lat' dir='ltr'><strong>antiquo</strong></span> <span class='ocrx_word' id='word_1_127' title='bbox 943 1939 1115 2033; x_wconf 80' lang='lat' dir='ltr'><strong>detenditur,</strong></span> <span class='ocrx_word' id='word_1_128' title='bbox 1133 1959 1248 2016; x_wconf 74' lang='lat' dir='ltr'><strong>eduum</strong></span> 
     </span>
     <span class='ocr_line' id='line_1_17' title="bbox 180 2057 1251 2134; baseline -0.004 -14"><span class='ocrx_word' id='word_1_129' title='bbox 180 2059 332 2120; x_wconf 74' lang='lat' dir='ltr'><strong>remmon</strong></span> <span class='ocrx_word' id='word_1_130' title='bbox 352 2057 493 2116; x_wconf 80' lang='lat' dir='ltr'><strong>leuduntin</strong></span> <span class='ocrx_word' id='word_1_131' title='bbox 511 2059 637 2134; x_wconf 75' lang='lat' dir='ltr'><strong>puedup.</strong></span> <span class='ocrx_word' id='word_1_132' title='bbox 664 2059 688 2115; x_wconf 76' lang='lat' dir='ltr'><strong>c</strong></span> <span class='ocrx_word' id='word_1_133' title='bbox 702 2061 733 2116; x_wconf 81' lang='grc'><strong>3.</strong></span> <span class='ocrx_word' id='word_1_134' title='bbox 759 2075 791 2133; x_wconf 83' lang='lat' dir='ltr'><strong>p.</strong></span> <span class='ocrx_word' id='word_1_135' title='bbox 805 2059 881 2116; x_wconf 74' lang='lat'><strong>263.</strong></span> <span class='ocrx_word' id='word_1_136' title='bbox 906 2059 951 2114; x_wconf 89' lang='lat' dir='ltr'><strong>ed.</strong></span> <span class='ocrx_word' id='word_1_137' title='bbox 972 2059 1052 2130; x_wconf 76' lang='lat' dir='ltr'><strong>Syllo.</strong></span> <span class='ocrx_word' id='word_1_138' title='bbox 1098 2059 1251 2131; x_wconf 78' lang='lat' dir='ltr'><strong>scripture</strong></span> 
     </span>
     <span class='ocr_line' id='line_1_18' title="bbox 181 2153 1251 2238; baseline -0.002 -18"><span class='ocrx_word' id='word_1_139' title='bbox 181 2153 294 2225; x_wconf 71' lang='lat' dir='ltr'><strong>«doctr</strong></span> <span class='ocrx_word' id='word_1_140' title='bbox 324 2161 372 2218; x_wconf 85' lang='lat' dir='ltr'><strong>vel</strong></span> <span class='ocrx_word' id='word_1_141' title='bbox 409 2159 554 2220; x_wconf 82' lang='lat' dir='ltr'><strong>scribendi</strong></span> <span class='ocrx_word' id='word_1_142' title='bbox 582 2157 654 2218; x_wconf 80' lang='lat' dir='ltr'><strong>ollio</strong></span> <span class='ocrx_word' id='word_1_143' title='bbox 685 2159 828 2235; x_wconf 77' lang='lat' dir='ltr'><strong>originem</strong></span> <span class='ocrx_word' id='word_1_144' title='bbox 856 2159 968 2238; x_wconf 81' lang='lat' dir='ltr'><strong>debuit,</strong></span> <span class='ocrx_word' id='word_1_145' title='bbox 999 2160 1047 2217; x_wconf 79' lang='lat' dir='ltr'><strong>vel</strong></span> <span class='ocrx_word' id='word_1_146' title='bbox 1079 2159 1251 2220; x_wconf 86' lang='lat' dir='ltr'><strong>correctioni</strong></span> 
     </span>
     <span class='ocr_line' id='line_1_19' title="bbox 182 2261 1252 2339; baseline 0.003 -21"><span class='ocrx_word' id='word_1_147' title='bbox 182 2275 299 2339; x_wconf 87' lang='lat' dir='ltr'><strong>eorum,</strong></span> <span class='ocrx_word' id='word_1_148' title='bbox 332 2261 382 2338; x_wconf 90' lang='lat' dir='ltr'><strong>qul</strong></span> <span class='ocrx_word' id='word_1_149' title='bbox 409 2275 447 2320; x_wconf 85' lang='lat' dir='ltr'><strong>ex</strong></span> <span class='ocrx_word' id='word_1_150' title='bbox 472 2261 620 2319; x_wconf 83' lang='lat' dir='ltr'><strong>nnteeedd.</strong></span> <span class='ocrx_word' id='word_1_151' title='bbox 648 2261 844 2336; x_wconf 80' lang='lat' dir='ltr'><strong>coniecerunt,</strong></span> <span class='ocrx_word' id='word_1_152' title='bbox 872 2265 1057 2334; x_wconf 71' lang='lat' dir='ltr'><strong>praeceptum</strong></span> <span class='ocrx_word' id='word_1_153' title='bbox 1089 2262 1187 2320; x_wconf 84' lang='lat' dir='ltr'><strong>inesse</strong></span> <span class='ocrx_word' id='word_1_154' title='bbox 1213 2263 1252 2322; x_wconf 87' lang='lat' dir='ltr'><strong>de</strong></span> 
     </span>
     <span class='ocr_line' id='line_1_20' title="bbox 123 2353 1250 2437; baseline 0.001 -18"><span class='ocrx_word' id='word_1_155' title='bbox 123 2389 125 2396; x_wconf 86' lang='lat'><em>·</em></span> <span class='ocrx_word' id='word_1_156' title='bbox 181 2375 257 2437; x_wconf 73' lang='lat' dir='ltr'><strong>poce</strong></span> <span class='ocrx_word' id='word_1_157' title='bbox 285 2377 351 2421; x_wconf 89' lang='lat' dir='ltr'><strong>oum</strong></span> <span class='ocrx_word' id='word_1_158' title='bbox 375 2363 432 2422; x_wconf 85' lang='lat' dir='ltr'><strong>lllls</strong></span> <span class='ocrx_word' id='word_1_159' title='bbox 459 2361 623 2422; x_wconf 77' lang='lat' dir='ltr'><strong>doctoribus</strong></span> <span class='ocrx_word' id='word_1_160' title='bbox 641 2353 878 2435; x_wconf 69' lang='lat' dir='ltr'><strong>praesidiumque</strong></span> <span class='ocrx_word' id='word_1_161' title='bbox 899 2363 1027 2420; x_wconf 78' lang='lat' dir='ltr'><strong>colenda.</strong></span> <span class='ocrx_word' id='word_1_162' title='bbox 1074 2363 1136 2430; x_wconf 75' lang='lat' dir='ltr'><strong>Quo</strong></span> <span class='ocrx_word' id='word_1_163' title='bbox 1162 2379 1250 2420; x_wconf 84' lang='lat' dir='ltr'><strong>sensu</strong></span> 
     </span>
     <span class='ocr_line' id='line_1_21' title="bbox 182 2462 1251 2536; baseline 0 -14"><span class='ocrx_word' id='word_1_164' title='bbox 182 2468 214 2522; x_wconf 87' lang='lat' dir='ltr'><strong>et</strong></span> <span class='ocrx_word' id='word_1_165' title='bbox 234 2464 341 2522; x_wconf 83' lang='lat' dir='ltr'><strong>umlrltu</strong></span> <span class='ocrx_word' id='word_1_166' title='bbox 359 2465 544 2536; x_wconf 77' lang='lat' dir='ltr'><strong>praeceptum</strong></span> <span class='ocrx_word' id='word_1_167' title='bbox 566 2464 604 2521; x_wconf 91' lang='lat' dir='ltr'><strong>de</strong></span> <span class='ocrx_word' id='word_1_168' title='bbox 624 2462 779 2522; x_wconf 81' lang='lat' dir='ltr'><strong>concordie</strong></span> <span class='ocrx_word' id='word_1_169' title='bbox 798 2467 895 2521; x_wconf 81' lang='lat' dir='ltr'><strong>mutuo</strong></span> <span class='ocrx_word' id='word_1_170' title='bbox 914 2464 1058 2521; x_wconf 77' lang='lat' dir='ltr'><strong>serrendo</strong></span> <span class='ocrx_word' id='word_1_171' title='bbox 1079 2464 1251 2522; x_wconf 72' lang='lat' dir='ltr'><strong>christianin</strong></span> 
     </span>
     <span class='ocr_line' id='line_1_22' title="bbox 180 2557 1252 2642; baseline 0.001 -18"><span class='ocrx_word' id='word_1_172' title='bbox 180 2563 364 2640; x_wconf 61' lang='lat' dir='ltr'><strong>iniungant,</strong></span> <span class='ocrx_word' id='word_1_173' title='bbox 383 2564 505 2636; x_wconf 74' lang='lat' dir='ltr'><strong>emplius</strong></span> <span class='ocrx_word' id='word_1_174' title='bbox 525 2565 684 2638; x_wconf 71' lang='lat' dir='ltr'><strong>explicetur</strong></span> <span class='ocrx_word' id='word_1_175' title='bbox 703 2581 782 2639; x_wconf 72' lang='lat' dir='ltr'><strong>seqq.</strong></span> <span class='ocrx_word' id='word_1_176' title='bbox 803 2580 858 2640; x_wconf 88' lang='lat' dir='ltr'><strong>quo</strong></span> <span class='ocrx_word' id='word_1_177' title='bbox 878 2569 985 2640; x_wconf 80' lang='lat' dir='ltr'><strong>potent,</strong></span> <span class='ocrx_word' id='word_1_178' title='bbox 1006 2564 1062 2622; x_wconf 88' lang='lat' dir='ltr'><strong>lroc</strong></span> <span class='ocrx_word' id='word_1_179' title='bbox 1082 2557 1252 2642; x_wconf 70' lang='grc' dir='ltr'><strong>εἰρηνεύειν</strong></span> 
     </span>
     <span class='ocr_line' id='line_1_23' title="bbox 179 2663 1252 2741; baseline 0.001 -17"><span class='ocrx_word' id='word_1_180' title='bbox 179 2681 242 2729; x_wconf 82' lang='lat' dir='ltr'><strong>non</strong></span> <span class='ocrx_word' id='word_1_181' title='bbox 263 2681 329 2724; x_wconf 87' lang='lat' dir='ltr'><strong>esse</strong></span> <span class='ocrx_word' id='word_1_182' title='bbox 349 2665 496 2740; x_wconf 78' lang='lat' dir='ltr'><strong>ignavium</strong></span> <span class='ocrx_word' id='word_1_183' title='bbox 522 2667 571 2722; x_wconf 85' lang='lat' dir='ltr'><strong>eut</strong></span> <span class='ocrx_word' id='word_1_184' title='bbox 596 2663 786 2740; x_wconf 75' lang='lat' dir='ltr'><strong>timiditatem,</strong></span> <span class='ocrx_word' id='word_1_185' title='bbox 814 2681 887 2741; x_wconf 78' lang='lat' dir='ltr'><strong>quae</strong></span> <span class='ocrx_word' id='word_1_186' title='bbox 916 2667 1023 2723; x_wconf 86' lang='lat' dir='ltr'><strong>nemini</strong></span> <span class='ocrx_word' id='word_1_187' title='bbox 1053 2668 1252 2725; x_wconf 88' lang='lat' dir='ltr'><strong>contredlcere</strong></span> 
     </span>
     <span class='ocr_line' id='line_1_24' title="bbox 183 2761 1251 2844; baseline 0.002 -20"><span class='ocrx_word' id='word_1_188' title='bbox 183 2767 303 2841; x_wconf 72' lang='lat' dir='ltr'><strong>nudent,</strong></span> <span class='ocrx_word' id='word_1_189' title='bbox 330 2763 430 2842; x_wconf 89' lang='lat' dir='ltr'><strong>immo,</strong></span> <span class='ocrx_word' id='word_1_190' title='bbox 460 2761 636 2840; x_wconf 77' lang='lat' dir='ltr'><strong>quicunque</strong></span> <span class='ocrx_word' id='word_1_191' title='bbox 655 2766 858 2844; x_wconf 71' lang='lat' dir='ltr'><strong>admonitione,</strong></span> <span class='ocrx_word' id='word_1_192' title='bbox 889 2769 1081 2842; x_wconf 79' lang='lat' dir='ltr'><strong>correctione,</strong></span> <span class='ocrx_word' id='word_1_193' title='bbox 1113 2770 1251 2826; x_wconf 76' lang='lat' dir='ltr'><strong>consolo-</strong></span> 
     </span>
     <span class='ocr_line' id='line_1_25' title="bbox 182 2857 1251 2943; baseline 0 -17"><span class='ocrx_word' id='word_1_194' title='bbox 182 2867 261 2926; x_wconf 84' lang='lat' dir='ltr'><strong>tione</strong></span> <span class='ocrx_word' id='word_1_195' title='bbox 279 2866 444 2943; x_wconf 67' lang='lat' dir='ltr'><strong>indigeant,</strong></span> <span class='ocrx_word' id='word_1_196' title='bbox 471 2857 535 2926; x_wconf 75' lang='lat' dir='ltr'><strong>eos&#39;</strong></span> <span class='ocrx_word' id='word_1_197' title='bbox 549 2866 646 2941; x_wconf 89' lang='lat' dir='ltr'><strong>utique</strong></span> <span class='ocrx_word' id='word_1_198' title='bbox 667 2883 685 2924; x_wconf 77' lang='grc' dir='ltr'><strong><em>α</em></strong></span> <span class='ocrx_word' id='word_1_199' title='bbox 706 2867 876 2926; x_wconf 70' lang='lat' dir='ltr'><strong>Christianis</strong></span> <span class='ocrx_word' id='word_1_200' title='bbox 896 2871 1122 2941; x_wconf 80' lang='lat' dir='ltr'><strong>provectioribus</strong></span> <span class='ocrx_word' id='word_1_201' title='bbox 1147 2871 1251 2927; x_wconf 74' lang='lat' dir='ltr'><strong>edmo-</strong></span> 
     </span>
     <span class='ocr_line' id='line_1_26' title="bbox 141 2969 1252 3045; baseline 0.003 -18"><span class='ocrx_word' id='word_1_202' title='bbox 141 3000 145 3016; x_wconf 72' lang='lat'>=</span> <span class='ocrx_word' id='word_1_203' title='bbox 183 2969 311 3044; x_wconf 87' lang='lat' dir='ltr'><strong>nendos,</strong></span> <span class='ocrx_word' id='word_1_204' title='bbox 338 2969 544 3044; x_wconf 73' lang='lat' dir='ltr'><strong>emendandos,</strong></span> <span class='ocrx_word' id='word_1_205' title='bbox 570 2969 779 3029; x_wconf 71' lang='lat' dir='ltr'><strong>confirmandos</strong></span> <span class='ocrx_word' id='word_1_206' title='bbox 812 2986 894 3045; x_wconf 86' lang='lat' dir='ltr'><strong>esse,</strong></span> <span class='ocrx_word' id='word_1_207' title='bbox 919 2972 1003 3029; x_wconf 89' lang='lat' dir='ltr'><strong>modo</strong></span> <span class='ocrx_word' id='word_1_208' title='bbox 1029 2969 1086 3029; x_wconf 86' lang='lat' dir='ltr'><strong>hoe</strong></span> <span class='ocrx_word' id='word_1_209' title='bbox 1111 2971 1161 3028; x_wconf 81' lang='lat' dir='ltr'><strong>tlet</strong></span> <span class='ocrx_word' id='word_1_210' title='bbox 1187 2987 1252 3030; x_wconf 92' lang='lat' dir='ltr'><strong>cum</strong></span> 
     </span>
     <span class='ocr_line' id='line_1_27' title="bbox 184 3070 1253 3145; baseline 0.004 -18"><span class='ocrx_word' id='word_1_211' title='bbox 184 3083 283 3127; x_wconf 74' lang='lat' dir='ltr'><strong>umore</strong></span> <span class='ocrx_word' id='word_1_212' title='bbox 303 3073 332 3126; x_wconf 89' lang='lat' dir='ltr'><strong>et</strong></span> <span class='ocrx_word' id='word_1_213' title='bbox 352 3070 446 3128; x_wconf 77' lang='lat' dir='ltr'><strong>enlmo</strong></span> <span class='ocrx_word' id='word_1_214' title='bbox 465 3074 628 3145; x_wconf 81' lang='lat' dir='ltr'><strong>mmsueto,</strong></span> <span class='ocrx_word' id='word_1_215' title='bbox 653 3085 746 3144; x_wconf 86' lang='lat' dir='ltr'><strong>neque</strong></span> <span class='ocrx_word' id='word_1_216' title='bbox 774 3071 921 3145; x_wconf 73' lang='lat' dir='ltr'><strong>quisquam</strong></span> <span class='ocrx_word' id='word_1_217' title='bbox 949 3071 1032 3129; x_wconf 79' lang='lat' dir='ltr'><strong>elteri</strong></span> <span class='ocrx_word' id='word_1_218' title='bbox 1052 3071 1159 3130; x_wconf 78' lang='lat' dir='ltr'><strong>melum</strong></span> <span class='ocrx_word' id='word_1_219' title='bbox 1178 3074 1253 3131; x_wconf 83' lang='lat' dir='ltr'><strong>mulo</strong></span> 
     </span>
    </p>
   </div>
   <div class='ocr_carea' id='block_1_5' title="bbox 183 3165 1355 3252">
    <p class='ocr_par' dir='ltr' id='par_1_5' title="bbox 183 3165 1355 3252">
     <span class='ocr_line' id='line_1_28' title="bbox 183 3165 1355 3252; baseline 0.005 -22"><span class='ocrx_word' id='word_1_220' title='bbox 183 3170 331 3242; x_wconf 78' lang='lat' dir='ltr'><strong>rependet</strong></span> <span class='ocrx_word' id='word_1_221' title='bbox 357 3171 398 3228; x_wconf 90' lang='lat' dir='ltr'><strong>V.</strong></span> <span class='ocrx_word' id='word_1_222' title='bbox 418 3169 470 3233; x_wconf 73' lang='lat'><strong>14.</strong></span> <span class='ocrx_word' id='word_1_223' title='bbox 514 3171 844 3252; x_wconf 76' lang='grc' dir='ltr'><strong>Παρακαλοῦμεν</strong></span> <span class='ocrx_word' id='word_1_224' title='bbox 870 3165 908 3232; x_wconf 75' lang='grc' dir='ltr'><strong>δὲ</strong></span> <span class='ocrx_word' id='word_1_225' title='bbox 929 3175 985 3230; x_wconf 82' lang='lat' dir='ltr'><strong>eto.</strong></span> <span class='ocrx_word' id='word_1_226' title='bbox 1032 3173 1083 3231; x_wconf 82' lang='lat' dir='ltr'><strong>Ad</strong></span> <span class='ocrx_word' id='word_1_227' title='bbox 1101 3165 1253 3232; x_wconf 73' lang='lat' dir='ltr'><strong>&#39;cbristo-</strong></span> <span class='ocrx_word' id='word_1_228' title='bbox 1354 3227 1355 3236; x_wconf 70' lang='grc'>,</span> 
     </span>
    </p>
   </div>
   <div class='ocr_carea' id='block_1_6' title="bbox 184 3273 1252 3449">
    <p class='ocr_par' dir='ltr' id='par_1_6' title="bbox 184 3273 1252 3449">
     <span class='ocr_line' id='line_1_29' title="bbox 184 3273 1252 3350; baseline 0.002 -20"><span class='ocrx_word' id='word_1_229' title='bbox 184 3285 239 3330; x_wconf 86' lang='lat' dir='ltr'><strong>nos</strong></span> <span class='ocrx_word' id='word_1_230' title='bbox 264 3287 383 3350; x_wconf 86' lang='lat' dir='ltr'><strong>omnes,</strong></span> <span class='ocrx_word' id='word_1_231' title='bbox 410 3273 607 3347; x_wconf 84' lang='lat' dir='ltr'><strong>provectiores</strong></span> <span class='ocrx_word' id='word_1_232' title='bbox 633 3274 763 3349; x_wconf 91' lang='lat' dir='ltr'><strong>quidem,</strong></span> <span class='ocrx_word' id='word_1_233' title='bbox 793 3273 883 3332; x_wconf 73' lang='lat' dir='ltr'><strong>oratio</strong></span> <span class='ocrx_word' id='word_1_234' title='bbox 912 3275 1105 3349; x_wconf 84' lang='lat' dir='ltr'><strong>convertitur,</strong></span> <span class='ocrx_word' id='word_1_235' title='bbox 1137 3275 1252 3332; x_wconf 89' lang='lat' dir='ltr'><strong>minime</strong></span> 
     </span>
     <span class='ocr_line' id='line_1_30' title="bbox 187 3372 1251 3449; baseline 0.001 -17"><span class='ocrx_word' id='word_1_236' title='bbox 187 3372 282 3448; x_wconf 87' lang='lat' dir='ltr'><strong>(quod</strong></span> <span class='ocrx_word' id='word_1_237' title='bbox 311 3374 501 3449; x_wconf 83' lang='lat' dir='ltr'><strong>chrysost.</strong></span> <span class='ocrx_word' id='word_1_238' title='bbox 543 3373 744 3446; x_wconf 81' lang='lat' dir='ltr'><strong>&#39;theophyl</strong></span> <span class='ocrx_word' id='word_1_239' title='bbox 786 3372 926 3432; x_wconf 85' lang='lat' dir='ltr'><strong>oecon.</strong></span> <span class='ocrx_word' id='word_1_240' title='bbox 968 3372 1043 3432; x_wconf 91' lang='lat' dir='ltr'><strong>inter</strong></span> <span class='ocrx_word' id='word_1_241' title='bbox 1075 3375 1251 3434; x_wconf 81' lang='lat' dir='ltr'><strong>recentiores</strong></span> 
     </span>
    </p>
   </div>
   <div class='ocr_carea' id='block_1_7' title="bbox 185 3473 1355 3558">
    <p class='ocr_par' dir='ltr' id='par_1_7' title="bbox 185 3473 1355 3558">
     <span class='ocr_line' id='line_1_31' title="bbox 185 3473 1355 3558; baseline 0.002 -26"><span class='ocrx_word' id='word_1_242' title='bbox 185 3475 424 3552; x_wconf 66' lang='lat' dir='ltr'><strong>Turretinue,</strong></span> <span class='ocrx_word' id='word_1_243' title='bbox 454 3476 614 3550; x_wconf 84' lang='lat' dir='ltr'><strong>llenson,</strong></span> <span class='ocrx_word' id='word_1_244' title='bbox 638 3475 779 3551; x_wconf 89' lang='lat' dir='ltr'><strong>llolten,</strong></span> <span class='ocrx_word' id='word_1_245' title='bbox 803 3473 854 3532; x_wconf 86' lang='lat' dir='ltr'><strong>elii</strong></span> <span class='ocrx_word' id='word_1_246' title='bbox 881 3475 1082 3552; x_wconf 82' lang='lat' dir='ltr'><strong>coniecerunt)</strong></span> <span class='ocrx_word' id='word_1_247' title='bbox 1111 3477 1149 3535; x_wconf 82' lang='lat' dir='ltr'><strong>ud</strong></span> <span class='ocrx_word' id='word_1_248' title='bbox 1175 3478 1254 3536; x_wconf 82' lang='lat' dir='ltr'><strong>solos</strong></span> <span class='ocrx_word' id='word_1_249' title='bbox 1353 3551 1355 3558; x_wconf 12' lang='grc' dir='ltr'><em>Α</em></span> 
     </span>
    </p>
   </div>
   <div class='ocr_carea' id='block_1_8' title="bbox 185 3573 1255 3753">
    <p class='ocr_par' dir='ltr' id='par_1_8' title="bbox 185 3573 1255 3753">
     <span class='ocr_line' id='line_1_32' title="bbox 185 3573 1254 3654; baseline 0.002 -22"><span class='ocrx_word' id='word_1_250' title='bbox 185 3573 329 3634; x_wconf 81' lang='lat' dir='ltr'><strong>eoelcsioe</strong></span> <span class='ocrx_word' id='word_1_251' title='bbox 348 3577 505 3650; x_wconf 69' lang='lat' dir='ltr'><strong>praesides.</strong></span> <span class='ocrx_word' id='word_1_252' title='bbox 554 3575 649 3635; x_wconf 87' lang='lat' dir='ltr'><strong>Utitur</strong></span> <span class='ocrx_word' id='word_1_253' title='bbox 676 3575 781 3648; x_wconf 85' lang='lat' dir='ltr'><strong>quippe</strong></span> <span class='ocrx_word' id='word_1_254' title='bbox 809 3575 912 3647; x_wconf 76' lang='lat' dir='ltr'><strong>Aposr.</strong></span> <span class='ocrx_word' id='word_1_255' title='bbox 940 3575 1041 3634; x_wconf 87' lang='lat' dir='ltr'><strong>iisdem</strong></span> <span class='ocrx_word' id='word_1_256' title='bbox 1063 3579 1127 3635; x_wconf 84' lang='lat' dir='ltr'><strong>tere</strong></span> <span class='ocrx_word' id='word_1_257' title='bbox 1146 3579 1254 3654; x_wconf 83' lang='lat' dir='ltr'><strong>verbis,</strong></span> 
     </span>
     <span class='ocr_line' id='line_1_33' title="bbox 185 3676 1255 3753; baseline 0.001 -19"><span class='ocrx_word' id='word_1_258' title='bbox 185 3676 288 3750; x_wconf 86' lang='lat' dir='ltr'><strong>qulbus</strong></span> <span class='ocrx_word' id='word_1_259' title='bbox 319 3691 348 3734; x_wconf 84' lang='lat' dir='ltr'><strong>v.</strong></span> <span class='ocrx_word' id='word_1_260' title='bbox 376 3677 426 3734; x_wconf 79' lang='lat' dir='ltr'><strong>tt.</strong></span> <span class='ocrx_word' id='word_1_261' title='bbox 459 3692 517 3736; x_wconf 92' lang='lat' dir='ltr'><strong>non</strong></span> <span class='ocrx_word' id='word_1_262' title='bbox 544 3678 712 3753; x_wconf 76' lang='lat' dir='ltr'><strong>praesides,</strong></span> <span class='ocrx_word' id='word_1_263' title='bbox 745 3676 800 3734; x_wconf 86' lang='lat' dir='ltr'><strong>sed</strong></span> <span class='ocrx_word' id='word_1_264' title='bbox 826 3681 938 3734; x_wconf 76' lang='lat' dir='ltr'><strong>ceteros</strong></span> <span class='ocrx_word' id='word_1_265' title='bbox 963 3678 1123 3752; x_wconf 71' lang='lat' dir='ltr'><strong>alloquutus</strong></span> <span class='ocrx_word' id='word_1_266' title='bbox 1149 3681 1255 3738; x_wconf 79' lang='lat' dir='ltr'><strong>tuerat.</strong></span> 
     </span>
    </p>
   </div>
   <div class='ocr_carea' id='block_1_9' title="bbox 186 3777 1355 3850">
    <p class='ocr_par' dir='ltr' id='par_1_9' title="bbox 186 3777 1355 3850">
     <span class='ocr_line' id='line_1_34' title="bbox 186 3777 1355 3850; baseline 0 -12"><span class='ocrx_word' id='word_1_267' title='bbox 186 3779 252 3838; x_wconf 89' lang='lat' dir='ltr'><strong>Nec</strong></span> <span class='ocrx_word' id='word_1_268' title='bbox 272 3777 360 3835; x_wconf 87' lang='lat' dir='ltr'><strong>ullum</strong></span> <span class='ocrx_word' id='word_1_269' title='bbox 381 3783 500 3850; x_wconf 82' lang='lat' dir='ltr'><strong>oppurct</strong></span> <span class='ocrx_word' id='word_1_270' title='bbox 518 3779 656 3836; x_wconf 90' lang='lat' dir='ltr'><strong>indicium</strong></span> <span class='ocrx_word' id='word_1_271' title='bbox 683 3779 823 3836; x_wconf 87' lang='lat' dir='ltr'><strong>sermonis</strong></span> <span class='ocrx_word' id='word_1_272' title='bbox 842 3779 899 3837; x_wconf 84' lang='lat' dir='ltr'><strong>ltoe</strong></span> <span class='ocrx_word' id='word_1_273' title='bbox 919 3781 983 3838; x_wconf 88' lang='lat' dir='ltr'><strong>loeo</strong></span> <span class='ocrx_word' id='word_1_274' title='bbox 1008 3781 1047 3837; x_wconf 85' lang='lat' dir='ltr'><strong>ud</strong></span> <span class='ocrx_word' id='word_1_275' title='bbox 1073 3781 1206 3838; x_wconf 79' lang='lat' dir='ltr'><strong>doctores</strong></span> <span class='ocrx_word' id='word_1_276' title='bbox 1227 3785 1256 3837; x_wconf 90' lang='lat' dir='ltr'><strong>et</strong></span> <span class='ocrx_word' id='word_1_277' title='bbox 1354 3833 1355 3838; x_wconf 73' lang='grc'>,</span> 
     </span>
    </p>
   </div>
   <div class='ocr_carea' id='block_1_10' title="bbox 184 3877 1255 4068">
    <p class='ocr_par' dir='ltr' id='par_1_10' title="bbox 184 3877 1255 4068">
     <span class='ocr_line' id='line_1_35' title="bbox 185 3877 1255 3956; baseline 0.002 -19"><span class='ocrx_word' id='word_1_278' title='bbox 185 3877 327 3947; x_wconf 80' lang='lat' dir='ltr'><strong>undstitos</strong></span> <span class='ocrx_word' id='word_1_279' title='bbox 355 3879 534 3937; x_wconf 78' lang='lat' dir='ltr'><strong>transeuntis.</strong></span> <span class='ocrx_word' id='word_1_280' title='bbox 584 3879 665 3946; x_wconf 73' lang='lat' dir='ltr'><strong>Quae</strong></span> <span class='ocrx_word' id='word_1_281' title='bbox 692 3881 797 3939; x_wconf 88' lang='lat' dir='ltr'><strong>deinde</strong></span> <span class='ocrx_word' id='word_1_282' title='bbox 822 3896 851 3940; x_wconf 81' lang='lat' dir='ltr'><strong>v.</strong></span> <span class='ocrx_word' id='word_1_283' title='bbox 873 3879 923 3936; x_wconf 83' lang='grc'><strong>16.</strong></span> <span class='ocrx_word' id='word_1_284' title='bbox 943 3896 1005 3954; x_wconf 89' lang='lat' dir='ltr'><strong>sqq.</strong></span> <span class='ocrx_word' id='word_1_285' title='bbox 1029 3881 1255 3956; x_wconf 70' lang='lat' dir='ltr'><strong>praecipiuntur,</strong></span> 
     </span>
     <span class='ocr_line' id='line_1_36' title="bbox 184 3979 1255 4068; baseline 0.001 -30"><span class='ocrx_word' id='word_1_286' title='bbox 184 3981 215 4038; x_wconf 89' lang='lat' dir='ltr'><strong>ln</strong></span> <span class='ocrx_word' id='word_1_287' title='bbox 241 3983 353 4054; x_wconf 91' lang='lat' dir='ltr'><strong>promtu</strong></span> <span class='ocrx_word' id='word_1_288' title='bbox 380 3983 424 4038; x_wconf 86' lang='lat' dir='ltr'><strong>cst</strong></span> <span class='ocrx_word' id='word_1_289' title='bbox 452 3981 489 4039; x_wconf 85' lang='lat' dir='ltr'><strong>de</strong></span> <span class='ocrx_word' id='word_1_290' title='bbox 510 3979 681 4068; x_wconf 75' lang='lat' dir='ltr'><strong>Christianis</strong></span> <span class='ocrx_word' id='word_1_291' title='bbox 700 3983 799 4041; x_wconf 80' lang='lat' dir='ltr'><strong>velere</strong></span> <span class='ocrx_word' id='word_1_292' title='bbox 820 3983 950 4041; x_wconf 87' lang='lat' dir='ltr'><strong>omnibus</strong></span> <span class='ocrx_word' id='word_1_293' title='bbox 998 3983 1102 4056; x_wconf 89' lang='lat' dir='ltr'><strong>Neque</strong></span> <span class='ocrx_word' id='word_1_294' title='bbox 1123 3983 1255 4056; x_wconf 84' lang='lat' dir='ltr'><strong>exemplu</strong></span> 
     </span>
    </p>
   </div>
   <div class='ocr_carea' id='block_1_11' title="bbox 185 4071 1355 4159">
    <p class='ocr_par' dir='ltr' id='par_1_11' title="bbox 185 4071 1355 4159">
     <span class='ocr_line' id='line_1_37' title="bbox 185 4071 1355 4159; baseline 0 -19"><span class='ocrx_word' id='word_1_295' title='bbox 185 4080 381 4140; x_wconf 80' lang='lat' dir='ltr'><strong>desideramus</strong></span> <span class='ocrx_word' id='word_1_296' title='bbox 402 4083 529 4140; x_wconf 86' lang='lat' dir='ltr'><strong>eiusdem</strong></span> <span class='ocrx_word' id='word_1_297' title='bbox 550 4083 767 4159; x_wconf 79' lang='lat' dir='ltr'><strong>cohortationis,</strong></span> <span class='ocrx_word' id='word_1_298' title='bbox 789 4101 846 4158; x_wconf 84' lang='lat' dir='ltr'><strong>quo</strong></span> <span class='ocrx_word' id='word_1_299' title='bbox 868 4084 1022 4143; x_wconf 82' lang='lat' dir='ltr'><strong>Christinni</strong></span> <span class='ocrx_word' id='word_1_300' title='bbox 1043 4085 1179 4143; x_wconf 84' lang='lat' dir='ltr'><strong>universe</strong></span> <span class='ocrx_word' id='word_1_301' title='bbox 1199 4086 1255 4140; x_wconf 82' lang='lat' dir='ltr'><strong>ed·</strong></span> <span class='ocrx_word' id='word_1_302' title='bbox 1354 4071 1355 4076; x_wconf 60' lang='grc'>’</span> 
     </span>
    </p>
   </div>
   <div class='ocr_carea' id='block_1_12' title="bbox 184 4183 1257 4262">
    <p class='ocr_par' dir='ltr' id='par_1_12' title="bbox 184 4165 1355 4272">
     <span class='ocr_line' id='line_1_38' title="bbox 184 4183 1257 4262; baseline 0.004 -22"><span class='ocrx_word' id='word_1_303' title='bbox 184 4187 351 4256; x_wconf 87' lang='lat' dir='ltr'><strong>monentur,</strong></span> <span class='ocrx_word' id='word_1_304' title='bbox 377 4189 410 4242; x_wconf 87' lang='lat' dir='ltr'><strong>ut</strong></span> <span class='ocrx_word' id='word_1_305' title='bbox 441 4183 597 4260; x_wconf 76' lang='lat' dir='ltr'><strong>cognitori</strong></span> <span class='ocrx_word' id='word_1_306' title='bbox 626 4201 697 4243; x_wconf 81' lang='lat' dir='ltr'><strong>suco</strong></span> <span class='ocrx_word' id='word_1_307' title='bbox 730 4201 826 4244; x_wconf 87' lang='lat' dir='ltr'><strong>rernm</strong></span> <span class='ocrx_word' id='word_1_308' title='bbox 860 4185 1036 4262; x_wconf 82' lang='lat' dir='ltr'><strong>divinorum,</strong></span> <span class='ocrx_word' id='word_1_309' title='bbox 1067 4185 1257 4261; x_wconf 77' lang='lat' dir='ltr'><strong>persuusioni,</strong></span> 
     </span>
    </p>
   </div>
   <div class='ocr_carea' id='block_1_13' title="bbox 0 0 1374 4826">
    <p class='ocr_par' dir='ltr' id='par_1_13' title="bbox 0 0 1374 4826">
     <span class='ocr_line' id='line_1_39' title="bbox 0 0 1374 4826; baseline 0 0"><span class='ocrx_word' id='word_1_310' title='bbox 0 0 1374 4826; x_wconf 95' lang='lat' dir='ltr'><strong> </strong></span> 
     </span>
    </p>
   </div>
  </div>
 </body>
</html>
