2724 4826
246 393 359 484 npnu
379 395 408 464 1.
428 397 474 464 ..ι
495 351 668 476 ennean
691 395 731 464 o.
751 391 813 466 ru.
835 395 880 468 v.
906 359 1077 468 ιιι-λε.
1124 371 1216 466 sse

127 571 250 647 stiores,
275 574 357 630 certo
384 573 553 644 exspectere
576 569 684 646 potnit,
710 573 775 630 lore
799 576 832 630 ut
851 571 931 646 ipsos
956 572 1053 632 sdhue
1072 572 1104 632 iu
1125 577 1203 632 terrs

126 677 279 732 versemus
305 673 533 744 deprehenderet
552 675 615 734 dies
635 669 770 732 Domini?
812 673 860 732 Ne
882 673 940 733 hoc
960 655 1074 748 quidem
1093 676 1203 734 Pontus

126 776 308 847 aptensium
327 775 458 850 habebnt,
477 791 512 834 se
531 776 626 848 ipsum
646 776 780 832 veniente
792 777 913 834 homine
933 779 1114 848 superstitem
1130 781 1204 852 sore,

127 879 330 955 Il.Cm·r.4,
344 878 401 936 14.
429 875 486 935 καὶ
515 867 624 956 ἡμᾶς
649 869 704 936 deo?
724 869 838 948 Ἰησοῦ
866 873 1009 956 ἐγερεῖ,
1036 877 1069 958 ὅ,
1087 878 1118 940 1.
1142 873 1202 940 toto

127 969 149 1052 ἦ
172 975 312 1056 ἔπίγιιος
332 969 428 1058 ἡμῶν
451 975 539 1036 elutos
561 977 619 1036 soil
640 971 779 1052 σκήνους
804 976 990 1066 καταλυθῇ,
1016 981 1045 1038 Ι.
1064 981 1148 1038 Gerr.
1168 982 1203 1058 6,

129 1083 187 1142 14.
222 1077 280 1140 καὶ
312 1071 423 1160 ἡμᾶς
451 1079 626 1155 (seeundum
653 1079 802 1138 lectionem
828 1079 1035 1156 probatiorem)
1062 1063 1202 1160 ἐξεγερεῖ,

128 1181 262 1256 Philipp.
283 1184 317 1259 1,
336 1185 390 1240 2⁰.
411 1197 456 1258 sp.
478 1182 583 1259 3,11.
612 1182 660 1240 Π.
682 1181 808 1242 Τιίιιοιλ.
826 1180 868 1253 4,
887 1165 918 1236 6.
940 1195 1018 1256 sqq„
1045 1197 1202 1254 quemquem

127 1281 277 1356 lubenter,
302 1283 437 1355 quamdiu
462 1283 587 1340 nondum
613 1283 706 1338 setste
739 1284 801 1339 eret
826 1282 1003 1356 provectior,
1028 1283 1059 1340 in
1087 1281 1202 1358 cogite·

128 1383 207 1442 tioue
242 1384 354 1442 reditus
387 1383 495 1442 Christi
526 1381 659 1455 forsitan
685 1385 752 1455 ipso
786 1385 885 1442 ndltuo
910 1385 944 1440 iu
972 1385 1061 1442 tersis
1088 1389 1204 1446 uiuente

128 1487 268 1544 secuturi
294 1485 418 1542 smmum
445 1485 603 1560 deligent,
630 1484 678 1542 vd.
705 1483 841 1560 pretegg.
871 1483 903 1558 9.
925 1484 956 1543 6.
1003 1485 1094 1544 Immo
1125 1487 1202 1545 notio

129 1586 269 1644 nuverss
294 1576 410 1664 ἡμεῖς
438 1581 476 1646 οἱ
498 1584 638 1658 ζῶντες
658 1585 705 1642 his
723 1585 857 1643 limitibus
878 1585 1136 1645 circumscribitur:
1165 1581 1203 1647 ol

130 1681 460 1768 περιλειπόμενοι
482 1691 553 1744 ete:
580 1688 760 1744 linostruut
788 1685 913 1760 (Christi
935 1687 1091 1766 cultorum)
1120 1705 1203 1748 nune

129 1790 311 1866 οἰοοπιίααι,
339 1792 391 1864 psol
419 1791 593 1862 superstites
613 1790 778 1846 manserint
798 1803 894 1864 moue
914 1791 956 1846 αα
981 1791 1111 1846 reditum
1130 1791 1201 1848 Do-

131 1892 217 1950 ursi.
246 1887 565 1968 περιλείπεσθαι
590 1890 620 1946 in
641 1889 678 1946 N.
698 1889 734 1946 F.
760 1893 874 1961 prseter
900 1905 930 1946 v.
951 1888 1002 1946 17.
1027 1889 1113 1948 huius
1139 1906 1201 1964 esp.

130 2005 188 2049 non
215 1993 355 2067 recurrit,
382 1992 437 2049 etr.
464 1989 796 2067 Herodian.2,1.16.
818 1993 853 2068 s,
869 1993 902 2048 2.
922 1993 977 2050 20.
1018 1990 1202 2064 Pertieipium

131 2108 236 2167 prees.
257 2091 288 2150 h.
308 2091 328 2150 l
348 2092 392 2150 sic
412 2087 642 2166 intelligendum:
663 2091 685 2149 ii
704 2094 842 2166 nostrum,
862 2090 911 2164 qui
930 2090 962 2148 in
981 2106 1016 2149 eo
1037 2093 1152 2167 tuerint,
1172 2099 1203 2151 ut

130 2195 302 2266 superstites
321 2196 469 2268 menmnt,
494 2195 527 2248 ut
553 2207 638 2264 porro
663 2192 764 2250 vivam
789 2204 880 2264 usque
904 2195 959 2250 ete
1009 2189 1202 2252 inditionem

132 2297 241 2369 quippe
260 2294 463 2370 philologiesm
484 2294 521 2352 de
546 2295 691 2366 praesenti
715 2293 883 2368 simpliciter
908 2309 961 2366 pro
987 2295 1084 2352 tuturo
1110 2297 1202 2367 posito

132 2401 229 2470 reem,
257 2397 374 2472 opinor,
407 2395 586 2472 impugnavit
617 2395 746 2452 Winer
780 2396 967 2454 ἂνοιιαιιοιίλι
993 2398 1047 2454 etc.
1075 2396 1120 2454 ed.
1149 2398 1202 2454 111.

131 2513 161 2569 p.
183 2496 256 2554 28⁹.
278 2512 322 2569 sq.
369 2497 506 2556 Attamen
535 2497 572 2555 de
592 2497 696 2553 smhttn
716 2498 814 2554 verbb.
847 2486 964 2576 ἡμεῖς
993 2491 1031 2557 oi
1060 2496 1203 2568 ζῶιτιι

132 2599 328 2656 diversimode
361 2598 528 2669 disputetur.
576 2597 710 2670 Plerique
736 2598 909 2673 concedunt,
934 2598 1105 2670 Apostolum
1129 2595 1203 2658 hoec
1292 2642 1295 2655 .

133 2702 172 2758 de
189 2706 282 2773 porte
302 2703 433 2774 οιιπάιιαι
452 2700 606 2756 leontinum
625 2715 700 2758 suae
720 2703 828 2758 uelutis
848 2703 1037 2776 enuntiasse,
1059 2697 1110 2756 sed
1131 2699 1201 2772 plu-

131 2817 182 2860 res
202 2801 307 2858 horum
327 2800 510 2874 interpretum
531 2799 674 2874 dubitent,
692 2816 729 2858 sn
748 2800 855 2860 Paulus
875 2807 967 2858 seruet
985 2801 1085 2874 ι’ροαια
1105 2801 1144 2859 sd
1163 2801 1203 2858 il·-

132 2903 179 2960 los
201 2901 325 2974 ζῶντας
346 2896 626 2980 περιλειπομένους
650 2900 754 2960 reterri
780 2900 902 2959 voluerit
930 2901 1023 2977 (quod
1042 2902 1117 2960 inter
1136 2907 1203 2960 vett.

136 3003 419 3074 chrysostomus
441 3006 470 3060 et
490 3004 750 3077 Dumsscenus,
777 3003 967 3060 recentiorum
986 3001 1085 3074 plures
1106 3017 1202 3078 nego-

133 3105 275 3180 verunt],
305 3119 360 3162 nee
386 3103 504 3178 desum,
535 3103 584 3178 qui
611 3105 701 3162 verbs
726 3104 859 3174 Apostoli
886 3105 1071 3180 hypothetice
1095 3108 1202 3168 tontum

133 3203 321 3280 intelligendu
342 3205 517 3266 existiment:
542 3209 716 3263 mortuorum
736 3204 767 3263 iu
792 3206 879 3262 vitum
901 3206 1127 3264 revocandorum
1147 3220 1203 3262 non

135 3306 229 3366 minor
249 3305 463 3384 encleticum,
490 3321 575 3379 quum
594 3321 742 3378 speremus
770 3309 851 3380 ture,
869 3311 901 3362 ut
927 3306 1008 3364 nobis
1036 3305 1205 3380 obtingeret,

133 3409 161 3468 sl
182 3408 296 3480 quidem
318 3408 477 3482 eccideret,
496 3411 529 3464 ut
547 3423 600 3466 nos
619 3409 658 3464 sd
677 3409 799 3466 reditum
821 3406 928 3466 Christi
947 3407 977 3464 in
998 3399 1059 3462 vite
1078 3406 1205 3464 mensn-

134 3524 248 3584 semus,
281 3509 331 3567 vd.
357 3508 622 3584 Burgerhoudt
653 3507 683 3566 iu
708 3509 828 3580 specim.
855 3507 931 3564 lsud.
957 3522 987 3578 p.
1005 3502 1205 3564 tou-161.
1305 3502 1308 3512 '

135 3611 215 3670 Aliis
243 3609 517 3685 (Theodoretm
552 3607 752 3680 uheophyt.
785 3609 858 3666 inter
885 3612 1004 3664 recenti.
1031 3609 1204 3666 Bensnnu

136 3716 165 3770 et
184 3707 340 3786 Flsttio]
361 3711 521 3780 Apostolus
542 3711 655 3768 omnino
674 3726 732 3768 non
752 3711 789 3768 de
806 3707 977 3768 Christianis
997 3711 1044 3766 sui
1061 3711 1206 3784 temporis,
1305 3703 1307 3707 ’

136 3811 189 3870 sed
215 3815 254 3870 de
278 3814 454 3885 poscsuote
479 3813 591 3870 locutus
624 3828 690 3872 esse
723 3812 844 3870 uidetur.
892 3809 955 3868 Alii
983 3809 1105 3896 denique
1121 3809 1206 3894 (vd.

137 3913 277 3972 sternit
304 3928 423 3986 opuser.
446 3917 532 3970 acad.
564 3915 598 3971 Τ.
610 3913 639 3972 I.
659 3932 690 3988 p.
706 3912 782 3990 77.)
810 3929 925 3970 sensum
950 3915 1103 3971 verborum
1123 3911 1207 3968 letius

135 4020 236 4088 petere
256 4011 370 4072 volunt:
399 4016 568 4088 quicunque
594 4015 642 4070 cel
668 4021 821 4091 nostrum,
848 4029 931 4074 smne
956 4015 1136 4091 οἱοοιιιίιιοι,
1160 4016 1209 4072 cel

132 4123 338 4191 posterorum,
359 4117 402 4172 od
420 4117 549 4174 reditum
569 4127 664 4189 usque
682 4115 805 4172 Domini
826 4116 859 4174 iu
879 4115 940 4172 cito
961 4118 1095 4174 terrestri
1114 4131 1207 4192 ¹eroon-

135 4220 239 4278 mint.
290 4217 375 4286 Quod
401 4215 480 4278 thom
507 4216 605 4279 subet
623 4217 842 4296 toppunettcon
862 4216 1014 4278 verberum
1034 4217 1207 4290 interprete-
