2724 4826
154 374 231 450 ibt)
286 375 395 469 Epist
416 375 444 450 Ι.
465 379 509 450 ud
530 375 702 452 Thessali.
731 376 769 455 G·
791 375 834 448 V·
863 374 907 446 V·
930 372 1081 453 ti-ti.

151 552 237 614 novit
253 567 370 628 poenae
390 551 576 630 (miseriae),
595 553 686 612 im
705 549 798 611 robur·
817 523 919 631 omae,
940 567 1002 627 qua
1021 553 1097 614 olim
1111 551 1215 631 prtia-

151 669 221 713 oour
248 655 290 730 (s.
319 669 393 730 quse
418 655 484 712 oiim
505 655 587 714 uobis
613 654 776 728 contingat,
802 654 877 714 siin
904 653 951 712 bia
980 656 1066 714 terris
1092 657 1215 714 smmum

152 756 317 832 vigilantem
345 733 374 814 et
399 756 526 814 sobrium
550 756 791 832 praestiterimus,
820 771 850 812 v.
871 755 906 814 u
921 756 1002 833 sqq.)
1027 771 1085 831 per
1103 757 1213 814 Donu-

151 873 225 918 uuro
252 865 387 917 nostrum
413 859 520 916 desum
541 859 710 934 umorum,
736 871 765 914 e.
785 857 835 914 10.
865 857 936 918 rod
964 851 1215 916 ἀποθανόν-

152 977 218 1022 ror
239 961 293 1020 uto.
341 959 443 1018 Utrum
463 959 571 1018 Pardus
590 958 755 1030 simpliciter
781 957 924 1033 docuerit,
950 956 1052 1016 desum
1073 957 1216 1016 Christum

150 1074 208 1132 pro
234 1061 337 1138 nobie,
364 1061 609 1122 incommonitum
635 1066 788 1138 nostrum,
822 1059 899 1118 diem
923 1059 1048 1134 obisse„
1075 1075 1127 1134 an,
1154 1061 1217 1118 loeo

150 1165 253 1221 nostro
274 1163 415 1218 mortuum
435 1175 517 1235 asse,
537 1162 573 1218 de
594 1160 737 1232 plerisque
757 1161 795 1216 N.
813 1161 849 1217 F.
871 1161 978 1235 edetis,
997 1160 1046 1216 ubi
1064 1161 1218 1233 praeposi-

150 1260 189 1322 tio
217 1251 320 1339 ὑπὲρ
350 1260 406 1318 beo
433 1263 470 1324 da
490 1277 523 1319 re
543 1261 693 1319 adhibetur
715 1260 806 1335 (quae
826 1277 878 1333 per
898 1276 931 1318 sa
950 1264 1080 1332 spectata
1105 1267 1217 1318 utrum-

140 1377 207 1440 que
226 1363 485 1434 interpretationem
505 1363 639 1437 admittit,
659 1364 708 1421 vd.
730 1361 912 1420 Matthiae
938 1361 1087 1434 auatiibrt
1106 1365 1216 1437 priecb.

143 1463 340 1522 Jtlraoaoatik
373 1462 419 1519 ed.
439 1464 478 1520 Π.
511 1464 578 1524 Vol.
598 1465 638 1522 ll.
668 1479 697 1536 p.
719 1461 812 1524 tito
842 1463 909 1539 sq.)
937 1464 1091 1536 disceptari
1116 1468 1217 1536 potest.

150 1563 295 1626 Nonnulla
315 1564 428 1638 quidem
448 1566 581 1638 Apostoli
601 1566 694 1639 mota,
714 1565 739 1622 si
760 1567 925 1624 universam
953 1566 1089 1624 orationis
1115 1566 1218 1624 sanam

150 1667 179 1724 et
200 1665 290 1722 verba
311 1666 461 1726 coniuncta
480 1667 659 1740 spectaretis
666 1703 678 1741 ,x
694 1667 736 1724 ita
754 1683 788 1724 se
808 1666 929 1742 babent,
949 1670 982 1723 ut
1000 1667 1147 1739 interpreti
1167 1669 1219 1724 ta-

150 1765 207 1822 oiie
246 1766 456 1840 persuadeant,
487 1768 606 1824 Paulum
637 1771 787 1841 posterius
826 1768 977 1844 voluisse,
1009 1770 1056 1830 ΙΙ.
1078 1769 1163 1827 corr.
1184 1771 1220 1847 6,

153 1866 203 1928 19.
217 1867 270 1927 21.
292 1869 407 1932 nomm.
421 1870 455 1944 6,
468 1870 574 1924 02-9.
599 1869 666 1928 (iul.
674 1871 710 1944 d,
719 1870 771 1928 13.
815 1867 982 1943 Quanquam
1000 1869 1132 1928 lubenter
1146 1885 1216 1942 pro-

150 1967 277 2043 rtenar,
301 1968 339 2025 ad
360 1967 496 2044 effectura
515 1969 616 2028 mortis
638 1960 746 2026 christi
765 1970 919 2027 salutarem
939 1973 1020 2044 reete
1047 1975 1218 2029 aestuman-

150 2067 218 2124 dum
238 2064 308 2126 nlbil
327 2068 480 2144 interesse,
508 2074 602 2128 utrum
622 2061 701 2149 trip
728 2070 785 2128 hoo
810 2087 849 2129 an
873 2072 922 2128 iilo
948 2087 1037 2132 sensu
1060 2073 1221 2146 aooaperis,

148 2166 283 2242 illamque
310 2171 510 2246 cogitationen
543 2172 656 2247 mortis,
683 2187 769 2245 quam
804 2173 944 2230 Servatur
974 2174 1007 2230 iu
1035 2177 1220 2234 eorumdum

151 2276 287 2334 nostrum
307 2287 462 2346 perpessus
481 2273 578 2348 tuerit,
597 2273 633 2330 ab
652 2273 688 2330 iis
709 2287 822 2347 quoque
842 2273 932 2333 edatis
953 2288 1095 2346 uunquam
1115 2276 1217 2332 amun-

149 2369 274 2446 gendarn
295 2389 376 2450 esse,
398 2390 471 2449 quae
491 2375 633 2432 notionem
653 2375 753 2432 mortis
774 2373 886 2458 Christi
909 2373 1037 2434 uonna
1064 2375 1220 2448 praecipua

148 2473 349 2546 perspioultate
380 2475 541 2546 exprimere
566 2476 728 2536 videantur.
777 2475 840 2544 Quo
867 2476 1004 2550 oonsilio,
1030 2491 1087 2550 quo
1119 2493 1219 2534 amora

150 2571 253 2630 ductus
279 2574 363 2636 mortl
389 2591 422 2632 se
444 2574 576 2634 Christus
595 2571 762 2653 tradiderit,
791 2577 857 2634 vbb.
878 2576 997 2634 dooetur
1025 2576 1109 2646 ἵνα,
1143 2572 1218 2638 εἴη

7 2623 8 2656 1
106 2715 108 2720 -
149 2675 204 2734 ete.
231 2679 268 2734 ut
297 2690 353 2733 ooo
379 2689 481 2734 umores
506 2679 577 2738 oiim
600 2680 692 2740 omui
715 2680 799 2736 beate
824 2680 959 2738 vivamus
991 2695 1060 2740 erum
1088 2681 1217 2759 comto,

148 2775 210 2834 eive
229 2777 329 2849 oipiieo
346 2773 513 2857 omma,
534 2781 596 2836 rios
617 2781 888 2841 viduumne-imur.
931 2779 1012 2847 Quae
1031 2796 1120 2852 supra
1138 2797 1168 2838 v.
1189 2782 1219 2842 6.

148 2875 265 2934 obtinuit
285 2877 456 2952 amomum
482 2878 581 2938 rerbb.
608 2873 828 2940 καθεύδειν
855 2883 885 2938 et
910 2887 1127 2957 ypqyopriv
1152 2887 1219 2940 tro-

148 2976 214 3050 pica
236 2975 405 3055 (moralis),
433 2995 496 3036 eam
517 2981 605 3038 iaeile
630 2984 708 3053 patet
733 2981 771 3038 ab
796 2981 853 3038 boo
878 2997 923 3040 vs.
951 2997 1070 3054 prorsus
1096 2983 1217 3054 alienam

148 3093 231 3152 esse,
258 3094 343 3152 quum
363 3080 401 3136 de
421 3081 457 3138 iia
478 3084 586 3140 tantum
605 3089 701 3142 sermo
721 3081 898 3156 instituatu,
924 3084 988 3156 qui,
1014 3084 1108 3145 animo
1135 3085 1218 3161 vigi-

147 3177 239 3242 louiufl
268 3183 297 3244 et
322 3182 424 3256 sobrii,
449 3183 527 3240 vitae
552 3185 655 3240 beatae
676 3186 755 3240 oeno
782 3187 928 3255 conpotes
955 3184 1013 3242 sint
1039 3185 1135 3242 rotari
1183 3187 1218 3246 lu

146 3278 192 3338 bis
213 3281 283 3353 ipsis
304 3281 334 3340 b.
354 3283 374 3344 i.
396 3286 425 3341 et
444 3285 599 3358 vigilantes
620 3287 649 3341 et
670 3285 843 3342 dormientes
863 3286 928 3342 iore
948 3286 1089 3344 diountnr.
1131 3285 1218 3344 llaud

147 3381 231 3440 dublo
261 3383 368 3444 Paulus
394 3385 524 3442 notiones
551 3386 689 3460 vigilandi
710 3389 739 3444 et
759 3386 918 3444 dormiendi
944 3387 982 3444 od
1008 3387 1096 3444 vitam
1121 3390 1219 3444 terru-

146 3485 233 3540 strem
253 3483 343 3555 ipsam
364 3473 540 3560 mortemque
561 3487 719 3560 transtulit,
737 3488 757 3544 i.
780 3503 806 3558 q.
827 3481 889 3546 ἐάν
910 3506 941 3546 ra
963 3487 1084 3564 ζῶμεν,
1106 3483 1166 3548 ἐάν
1188 3507 1219 3548 rr

147 3575 407 3663 ἀποθνήσκωμεν
433 3589 671 3664 donno.14,8.
721 3590 765 3647 lle
784 3591 911 3651 mor-mia
931 3589 1044 3663 meluit,
1064 3603 1117 3659 pro
1138 3603 1219 3648 more

146 3699 199 3746 suo
218 3684 388 3768 vo'cebrdum
410 3689 494 3758 ptulo
515 3693 581 3746 suta
600 3689 722 3760 positum
742 3689 907 3762 repetendi,
926 3691 974 3746 vb.
996 3683 1219 3752 audebitis

147 3783 194 3860 (v.
216 3784 247 3848 t.
260 3786 352 3846 aliter
370 3787 488 3860 quidem
508 3791 693 3867 usurpetum]
720 3790 875 3864 adbibere,
903 3806 939 3847 ex
960 3805 1016 3848 usu
1036 3791 1116 3848 hebr.
1144 3793 1220 3874 :pm

144 3904 170 3946 s.
191 3887 249 3976 pti),
268 3887 316 3946 vd.
338 3889 437 3952 dxx.
459 3893 506 3954 ri.
520 3893 652 3954 Samaei.
665 3895 699 3970 7,
713 3893 764 3952 12,
786 3893 836 3952 Pr.
850 3893 907 3969 88,
919 3894 950 3952 6.
972 3893 1092 3952 Domet-
1107 3894 1162 3971 12,
1173 3895 1219 3969 9.,

146 4003 230 4062 quani
251 3991 493 4070 κοιμᾶσθαι
513 3991 545 4066 t,
566 3991 616 4054 io.
663 3993 780 4054 Vocula
807 3983 894 4069 ἅμα
922 3992 1127 4056 h.l.1aiuimo
1153 4008 1219 4050 oum

146 4091 211 4150 tbb.
233 4084 308 4150 ude
336 4085 445 4166 αὐτῷ
467 4095 584 4166 propius
607 4095 809 4169 coniungenda
829 4093 968 4169 (sinralao
996 4095 1108 4152 venerit
1128 4093 1218 4152 cbri-

144 4197 221 4268 stus,
241 4194 335 4256 stetim
356 4209 421 4258 curu
443 4210 479 4260 uo
501 4195 651 4278 vivemus,
672 4209 833 4276 quenquam
854 4186 927 4275 ἅμα
947 4195 1025 4258 bsud
1045 4211 1112 4258 raro
1133 4197 1218 4261 etiem
