2744 4824
199 405 281 477 334
349 407 502 497 Epistola
523 411 566 476 nd
588 405 743 476 Galatas.
772 407 810 476 (l.
831 407 859 476 l.
889 405 932 480 V.
955 407 1104 478 ti-to.

198 583 249 661 pul
270 584 387 644 decreta
410 581 531 644 anisum
557 599 577 641 a
603 583 691 644 relius
718 579 892 644 iudaeorum
917 581 1012 644 aacrla
1036 583 1278 660 prohibebantur.

198 687 265 748 Nec
283 683 451 745 testimoniis
464 687 589 764 conant,
609 683 930 745 excommunicationem
947 687 1177 748 eeclesiasticam
1197 687 1278 748 inter

184 787 434 849 v(ihristiaaaseo
454 787 568 862 quidem
588 787 788 862 temporetam
804 791 972 862 usurpatam
993 789 1097 868 inisse,
1117 805 1176 866 quo
1196 789 1276 849 haec
1347 845 1348 854 2

137 887 152 915 ‘·
196 890 318 964 montale
345 889 528 950 scriberetur.
587 889 723 949 ceterum
751 887 827 964 quad
857 889 960 962 Apost.
987 891 1114 964 ipsorum
1143 891 1276 950 meminit

196 993 381 1069 angelorum,
407 995 541 1065 nuquam
561 989 586 1051 si
607 990 670 1049 ileri
691 991 797 1067 possit,
821 993 853 1048 ut
873 991 978 1067 genius
999 993 1134 1052 eoelestis
1156 993 1275 1052 doari-

195 1107 263 1152 nam
283 1095 377 1153 madai
397 1108 581 1169 perversam,
600 1093 715 1150 minime
734 1092 855 1164 pertinet
873 1093 910 1150 nd
926 1093 1120 1167 quaestionem
1143 1095 1274 1172 dogma-

195 1195 282 1253 ticam
311 1194 347 1254 de
373 1194 438 1268 ipsa
464 1193 615 1270 geniorum
643 1193 809 1252 coelestium
836 1195 939 1252 natura
969 1195 1116 1254 erroribus
1137 1195 1273 1256 obnoxia

195 1295 336 1356 Adiectui
362 1297 411 1371 pio
439 1295 574 1372 inservit,
607 1309 662 1370 qua
690 1295 815 1353 animum
840 1290 976 1368 Apostoli
1001 1299 1090 1355 totam
1115 1299 1273 1371 pmauasia

195 1401 297 1457 sanem
309 1401 421 1474 teneat,
440 1400 590 1457 nominem
600 1395 819 1474 admittendam,
840 1397 888 1472 qui
902 1392 1066 1474 nanneni,
1086 1414 1161 1472 quae
1173 1415 1273 1458 evan·

195 1497 274 1576 geilo
301 1499 499 1558 adversentur.
553 1497 636 1568 Quod
668 1499 715 1557 sul
747 1476 839 1572 ipsiu’s
865 1497 1066 1573 sonoramque
1093 1501 1270 1562 mentionem

193 1599 287 1658 inlinit
313 1593 387 1663 iola
410 1591 525 1683 ἡμεῖς
552 1605 607 1659 etc.
627 1600 776 1672 respicere
797 1599 910 1660 omniuo
931 1599 1047 1658 videtur
1066 1603 1105 1659 ad
1126 1605 1270 1660 crimina-

193 1701 298 1760 tionem
327 1717 432 1760 vanam
461 1714 576 1778 earum,
609 1701 658 1776 qui
685 1701 821 1779 dixerint,
850 1697 972 1761 ramum
992 1699 1047 1760 sibl
1067 1717 1170 1776 parum
1194 1721 1271 1763 eoo·
1349 1713 1350 1716 ’

193 1806 289 1879 stare,
309 1803 393 1861 moda
413 1803 630 1878 impugnantem
652 1803 736 1862 mado
759 1801 963 1861 concedentem
984 1801 1031 1861 vei
1059 1805 1269 1863 commendan-

193 1905 252 1961 tem
273 1903 344 1962 ritas
371 1903 517 1962 Judaieoa.
555 1905 617 1962 cir.
643 1902 675 1980 a,
697 1903 747 1962 11.
779 1905 873 1981 Vide,
901 1917 986 1978 quam
1011 1901 1114 1963 sedulo
1142 1905 1269 1966 lectores

193 2005 316 2078 ndentes
336 2003 438 2063 reddat
457 2004 495 2063 ad
516 2005 687 2082 gmviiatem
707 2007 866 2064 sententiae
886 2005 971 2064 modo
991 2007 1155 2065 enuntiatae
1182 2025 1214 2066 v.
1235 2007 1267 2067 9.

189 2095 266 2172 ’.Ως
296 2098 603 2189 προειρήκαμεν
637 2112 692 2167 ete
746 2101 1039 2184 interpretantium,
1075 2105 1268 2182 chrysost.

193 2205 393 2281 nieopayi.
426 2206 788 2268 succrescentem
831 2207 1023 2330 (putassem
1060 2203 1267 2270 Michaelis

193 2304 293 2368 tilam
317 2308 447 2369 Wlner
470 2304 647 2368 Matthics
675 2311 804 2390 heluat)
830 2301 866 2368 ro
896 2303 1207 2392 προειρήκαμεν
1227 2313 1266 2370 ad

193 2423 239 2468 vs.
274 2411 403 2469 referant
437 2410 673 2492 antecedentem,
715 2426 772 2486 quo
806 2409 933 2470 breviter
968 2409 1126 2486 repetendo
1159 2411 1267 2471 dooere

194 2511 300 2584 apost
320 2509 465 2588 voluerit,
491 2527 565 2586 qaae
584 2513 669 2571 roodo
689 2512 823 2588 ἀίιὶεεοῐ,
847 2511 963 2571 mluIme
983 2527 1020 2570 ex
1040 2513 1084 2570 ira
1104 2527 1172 2572 oese
1192 2529 1267 2586 pro-

192 2613 270 2671 tecta
296 2627 352 2670 neo
372 2611 689 2672 inconsideratedicta.
732 2614 867 2675 Attamen
891 2617 923 2671 ut
950 2613 1117 2686 sinrpliciter
1145 2629 1266 2672 assere-

193 2717 253 2790 ret,
275 2729 309 2772 se
328 2716 417 2773 awdo
438 2717 519 2774 dicta
538 2717 684 2790 repetere,
711 2713 827 2775 minime
846 2711 1007 2772 adhibenda
1026 2715 1081 2771 luit
1101 2713 1178 2772 haee
1197 2717 1265 2773 tar-

193 2815 272 2874 mula
291 2811 412 2886 amplior
432 2819 462 2873 et
480 2815 643 2892 languidior
664 2807 708 2882 ric
724 2807 960 2894 προειρήκαμεν
981 2809 1038 2874 καὶ
1059 2807 1137 2892 ἄρτι
1160 2805 1265 2876 πάλιν

195 2911 283 2993 λέγω.
325 2915 407 2976 noco
428 2915 522 2975 durii
542 2919 590 2977 11.
605 2919 689 2979 Com
702 2919 737 2998 t,
750 2919 781 2976 a.
801 2919 927 2976 retertur
948 2911 1122 2994 προείρηκα
1142 2914 1180 2975 ad
1193 2935 1264 2976 sen-

194 3017 311 3076 tentiam
337 3013 368 3076 ln
403 3019 505 3076 eadem
536 3019 651 3092 quidem
676 3017 796 3094 epistola
825 3017 878 3082 sed
902 3015 961 3076 alio
987 3017 1053 3076 loco
1081 3019 1264 3079 enuntiatam.

195 3117 299 3178 Malim
321 3133 387 3176 cum
419 3117 574 3193 interprete
601 3123 696 3194 Syro
724 3119 887 3196 [sementen
925 3117 1099 3197 prendant)
1121 3119 1263 3193 Koppio

192 3216 358 3296 Borgero
383 3217 573 3280 lidekerto
594 3213 638 3289 ὥς
659 3212 903 3306 προειρήκαμεν
923 3227 984 3279 etc¹
1006 3219 1045 3277 de
1066 3223 1197 3291 tempore
1214 3221 1262 3280 ia-

191 3321 301 3398 telligi,
329 3335 385 3396 quo
411 3321 519 3382 Paulas
546 3323 637 3381 altera
662 3321 730 3381 viee
755 3322 830 3381 iuter
857 3321 974 3380 Galata
999 3323 1182 3399 versaretur,
1209 3325 1261 3381 atr.

192 3422 327 3499 prolegg.
348 3419 425 3497 Μ
467 3425 724 3494 Qummdmodam
749 3425 820 3482 olim
833 3425 979 3482 αἰείεεεεεε
1004 3421 1081 3499 [ego
1107 3427 1136 3480 et
1156 3423 1261 3503 socii),

192 3525 238 3582 oa
258 3523 314 3582 noe
335 3529 467 3599 rmore
493 3517 588 3604 (ἄρα
608 3527 656 3585 rr.
678 3509 780 3585 uteo.
796 3527 827 3598 ε,
845 3521 898 3603 ε.)
919 3527 1028 3584 coam
1048 3525 1132 3582 ooo:
1159 3519 1194 3584 rt
1215 3543 1261 3590 ne

192 3625 248 3682 ete.
289 3623 394 3682 Maluit
414 3626 529 3698 quidem
550 3627 716 3686 nonsart
736 3629 887 3700 numque
907 3627 1079 3684 membrum:
1107 3615 1150 3689 ὥς
1175 3642 1260 3702 προ-

193 3717 382 3804 ειρήκαμεν,
404 3729 447 3783 etr
469 3723 524 3786 καὶ
545 3720 619 3802 iper
643 3747 677 3787 π.
698 3723 775 3806 λέγω
796 3727 922 3800 pronon
942 3726 1049 3784 nabere
1064 3725 1260 3803 compositam,

192 3827 257 3903 eui,
278 3840 358 3900 quae
372 3829 508 3885 accurate
528 3829 714 3904 respondeat,
744 3827 879 3900 apadoais
905 3827 995 3885 desit:
1022 3827 1259 3902 quemadmodum

192 3931 222 3985 et
242 3928 310 3987 olim
330 3925 406 4005 dini,
432 3931 461 3986 ct
487 3925 544 3986 lroc
572 3933 700 4002 tempore
725 3928 827 3987 lteram
854 3927 919 3988 dico
947 3927 1009 4004 (ita
1034 3943 1106 3986 vere
1133 3928 1210 4004 estlr
1232 3921 1265 3988 εἷ’

191 4047 239 4094 arc
259 4031 314 4086 etc.
355 4031 500 4106 Praestat,
527 4029 645 4108 opinor,
672 4047 737 4089 eum
759 4029 866 4088 ceteris
893 4029 1021 4088 omuibus
1041 4029 1183 4102 posterius
1203 4022 1257 4087 nal

192 4119 270 4208 ἅρεε
291 4133 346 4186 eta
366 4132 499 4203 nuquam
520 4131 657 4205 apoduein
678 4135 809 4207 vertere,
836 4129 940 4204 quippe
966 4127 1041 4204 quod
1061 4129 1172 4186 animoa
1191 4128 1256 4186 iec-

192 4229 285 4288 tdrum
312 4229 408 4307 magis
439 4235 560 4293 attentos
586 4233 688 4292 reddat
714 4233 752 4291 ad
785 4233 985 4292 omimium
1009 4223 1204 4304 persuasionis
1227 4229 1257 4286 at
